1728 3120
240 194 335 240 1-28
697 186 1144 232 DISSERTATIO
1188 189 1236 232 V.

236 301 346 359 quod
387 298 546 342 subolis
584 297 679 342 loco
720 298 888 354 reliquit
925 300 1121 342 aoristum
1161 297 1369 357 ῥάσσατε.
1437 300 1540 346 Cum
1585 306 1670 351 terti

236 368 392 412 coaluit
421 361 586 421 ἂχραής
614 365 641 407 i.
667 377 704 419 q.
734 380 959 421 αχραντος,
990 372 1110 422 atque
1140 366 1219 410 hac
1239 368 1546 412 contaminandi
1575 365 1684 426 sigdi

234 436 425 478 ficatione
456 444 548 474 cum
569 433 721 473 usitato
749 428 871 487 χράω
899 438 940 473 et
965 430 1113 488 χραύω
1133 440 1256 487 tanqu
1287 436 1554 479 connectitur.
1604 423 1674 484 Cui

233 508 404 555 utroque
434 497 543 539 idem
573 511 612 553 p.
642 497 763 547 1603,
795 496 859 538 10.
891 498 1100 552 conjungit
1129 501 1193 542 σῶ
1223 498 1376 552 σαίνω,
1406 503 1498 558 κρῶ
1529 492 1676 559 κραίνὲ

235 569 297 609 κῶ
319 564 465 615 καίνω,
495 563 641 619 hisque
671 578 710 620 p.
726 563 820 614 691,
840 562 880 604 5.
912 563 1025 606 addit
1052 566 1118 614 βιῦ
1147 564 1298 619 βαίνω,
1327 567 1398 618 μῶ
1424 566 1580 621 μαίνω,
1614 557 1695 629 ὀρ1

235 631 411 690 ὁραίνω.
473 629 532 674 De
564 631 695 687 primo
721 630 924 673 consentit
943 629 1236 686 Theognostus
1264 645 1301 688 p.
1320 631 1415 675 146.
1447 635 1513 677 σεῦ
1541 632 1648 678 σείω
1673 642 1681 682 ἰ.

234 699 309 743 καὶ
337 696 474 742 σαίνω
505 695 696 751 λέγεται,
737 696 846 752 quod
872 709 1012 739 verum
1050 710 1145 740 esse
1185 697 1333 741 docent
1360 697 1530 743 Photius
1557 698 1682 758 Σαίνᾲ

233 764 365 816 σείει,
401 762 635 818 Σαίνουροι
674 760 865 813 σείοντες
899 762 977 814 τὰς
1006 760 1144 821 οὐράς
1172 770 1212 806 et
1239 763 1473 820 Hesychius
1500 759 1684 826 Σαίνετᾲ

235 834 438 880 κινεῖται,
474 832 647 885 ipsaque
674 829 898 872 similitudo
930 832 1246 873 constructionis
1277 828 1319 874 οἳ
1353 828 1477 884 κύνες
1505 831 1685 878 vaivoun

231 897 282 942 τὸ
317 895 498 953 οὐραῖον
517 894 614 938 Sch.
637 894 999 939 Theocr.I[.109.
1031 897 1138 940 unde
1171 894 1324 948 σάνσις
1354 897 1449 941 duci
1476 904 1636 955 poterat
1662 902 1688 943 u

233 962 405 1023 φάνσις,
436 963 511 1005 sed
538 975 612 1018 pro
632 975 682 1004 eo
713 962 945 1005 maluerunt
964 961 1143 1016 σεισμὸν
1172 966 1250 1020 τῆς
1279 962 1416 1021 οὗρᾶς
1441 964 1580 1008 dicere
1598 964 1692 1078 Pol}

231 1031 280 1073 V.
310 1030 377 1073 61.
419 1028 600 1071 Proximi
638 1030 799 1084 κραίνω
840 1029 975 1071 thema
1011 1029 1243 1085 ponendum
1279 1036 1342 1072 est
1373 1030 1544 1088 duplex,
1581 1045 1662 1074 unu
1689 1027 1699 1087 j

229 1090 322 1157 ἧᾶ
356 1100 444 1142 sive
487 1087 592 1152 Ξοῖᾆ,
631 1098 698 1139 cui
729 1099 1041 1142 accommodata
1081 1105 1173 1141 sunt
1201 1095 1338 1156 κάρα,
1378 1097 1509 1157 κράς,
1548 1097 1703 1157 Κράν,

233 1162 420 1222 κεφαλή,
436 1165 503 1216 ²⁸)
526 1160 698 1219 κράτος,
733 1162 916 1222 κάῤῥων,
942 1161 1223 1221 αὐτόκρανος,
1249 1164 1423 1208 alterum
1443 1165 1568 1222 κρέω,
1594 1160 1686 1228 und

233 1232 381 1288 κρέων,
414 1231 528 1285 quus
557 1230 838 1285 interpretatio
869 1237 931 1273 est
961 1229 1148 1287 κραίνων
1164 1229 1697 1290 Sch.Aesch.Suppl.577⁴

232 1312 286 1341 ex
316 1311 396 1354 quo
420 1309 620 1353 expressa
650 1302 742 1339 sunt
762 1297 925 1352 κρέτος,
956 1297 1151 1353 κρέσσων
1178 1297 1410 1354 capitalior,
1441 1305 1482 1342 et
1511 1265 1702 1414 symboli

230 1362 459 1419 Κρησίλας
494 1377 532 1406 v.
558 1362 743 1405 Meinek.
781 1362 939 1405 Delect.
964 1363 1059 1405 236.
1103 1366 1350 1420 Κρησιφιῦν
1381 1363 1616 1409 Tzschuck.
1648 1379 1676 1409 a

230 1429 369 1473 Strab.
386 1428 496 1471 XIV.
513 1428 607 1471 535.
638 1435 678 1471 et
694 1426 986 1486 Κρεςφόντης,
1018 1429 1127 1485 quod
1153 1443 1227 1486 pro
1243 1427 1532 1488 Κρεσφόντης
1558 1415 1703 1489 valera}

228 1503 324 1553 puto
353 1502 395 1538 ut
422 1494 670 1552 θέςφατος,
701 1492 951 1548 ἐπεςβόλος.
1010 1493 1160 1539 Καίνω
1189 1495 1284 1547 ille,
1313 1497 1396 1539 nisi
1422 1509 1488 1539 me
1518 1497 1644 1550 fallo,
1694 1492 1704 1554 ζ’

232 1563 316 1607 κέω
347 1560 396 1605 τὸ
418 1559 556 1613 κεάζω
579 1568 709 1603 ortum
728 1563 883 1616 putavit
903 1563 1009 1604 sicut
1029 1558 1242 1614 κτάμενος
1261 1567 1302 1604 et
1324 1559 1487 1606 ἔκτακα
1508 1563 1563 1606 ad
1583 1506 1710 1685 22qu

228 1623 532 1672 refertur'EM.
574 1640 626 1669 ex
657 1640 737 1683 quo
768 1633 808 1669 et
846 1639 897 1670 ex
936 1626 1087 1670 κτείνω
1118 1629 1337 1671 commixta
1373 1634 1466 1671 sunt
1499 1627 1701 1686 ἐκταγκαχ

230 1693 412 1748 κτάντης
441 1700 516 1736 etc.
558 1693 863 1736 Postremorum
892 1692 1042 1747 βαίνω,
1074 1692 1251 1749 ὁραίνω,
1280 1707 1363 1737 11011
1390 1701 1507 1738 tanta
1532 1697 1597 1739 vis
1626 1696 1684 1740 fui
1708 1687 1709 1690 Ἴ

230 1768 272 1804 ut
300 1761 598 1817 primitivorum
626 1762 868 1803 memoriam
897 1758 1189 1811 obscurarent3
1223 1765 1263 1802 et
1291 1758 1434 1816 γράω,
1470 1760 1573 1818 φάω
1603 1775 1679 1818 pos

227 1828 418 1870 sessione
454 1826 577 1881 dejici
611 1839 693 1869 uon
722 1832 949 1881 potuerunt.
1008 1825 1124 1869 Haec
1155 1827 1293 1869 omnia
1319 1825 1460 1870 verbis
1490 1827 1722 1872 secundae¹

226 1884 531 1947 conjugationis
559 1892 627 1935 vel
646 1893 809 1934 usitatis
828 1891 897 1934 vel
925 1891 1157 1935 obliteratis
1177 1892 1416 1944 adhaerent,
1445 1905 1542 1936 nam
1561 1885 1701 1938 σοὶίνω
1723 1867 1728 1943 l

228 1971 389 2015 quoque
420 1958 627 2000 diversum
653 1971 679 2000 a
708 1963 937 2012 synonymo
959 1956 1063 2001 σείω
1087 1965 1252 2013 etymon
1281 1961 1477 2015 sequitur,
1507 1959 1618 2016 quod
1648 1972 1701 2003 ex
1724 1946 1728 1998 Ι

227 2022 374 2068 σάλλω
414 2030 454 2066 et
491 2021 626 2074 σάλος
667 2024 850 2078 emergit.
909 2022 1119 2084 Hujusque
1158 2025 1457 2068 vicissitudinis
1485 2006 1728 2086 literarum}

225 2083 262 2137 ἶ
279 2099 319 2135 et
342 2083 391 2135 ἶ
409 2104 533 2148 supra
562 2105 682 2147 quum
701 2092 750 2134 de
767 2093 984 2148 prImitivis
1009 2092 1260 2135 dissererem
1274 2091 1320 2134 C.
1336 2091 1367 2135 I.
1385 2093 1423 2148 ξ.
1439 2093 1478 2136 8.
1508 2087 1728 2151 1111111111)ΙῆΑῙΞ

227 2159 544 2203 commemoravi
563 2158 728 2200 minime
761 2157 898 2200 dubia.
959 2157 1050 2209 Quo
1079 2159 1215 2201 minus
1231 2159 1507 2202 cunctandum
1535 2168 1599 2203 est
1629 2160 1728 2210 τε-ἶὲ,

224 2225 407 2282 τραίνω,
445 2223 554 2279 quod
581 2224 878 2281 reduplicatum
909 2230 974 2266 est
1007 2230 1048 2266 ut
1077 2222 1338 2276 παπταίνω,
1377 2224 1576 2277 τιταίνω,
1606 2239 1699 2269 cum

223 2290 335 2349 τρέω
366 2302 624 2346 componere,
655 2288 788 2341 ξαίνω
817 2303 907 2333 cum
932 2289 1026 2341 ξέω,
1058 2287 1194 2346 ῥαίνω
1224 2302 1315 2332 cum
1344 2290 1444 2349 ῥέω,
1475 2283 1719 2349 ἐκφλαίνω,Ἰ

225 2370 316 2400 cum
355 2355 490 2414 φλέω.
557 2354 609 2398 Et
651 2368 757 2412 quae
799 2355 927 2399 verbo
963 2353 1166 2411 γίγνομαι
1206 2362 1387 2412 cognata
1423 2363 1535 2409 sunt,
1573 2357 1696 2401 modo

315 2536 377 2579 28)
410 2535 530 2571 Etiam
565 2533 677 2582 κρήνη
711 2536 859 2581 proprie
902 2536 1031 2571 ostium
1061 2535 1191 2578 fontis,
1234 2536 1331 2580 quod
1366 2535 1520 2571 Romani
1551 2545 1694 2580 quoque
1720 2540 1728 2573 ‚¹

224 2597 346 2640 caput
380 2592 589 2638 appellant,
619 2590 830 2637 significare
848 2592 1006 2633 videtur3
1038 2592 1137 2626 Aret.
1164 2591 1246 2625 Cur.
1266 2592 1372 2626 Acut.
1396 2590 1442 2627 11.
1465 2591 1501 2635 6,
1527 2590 1606 2627 276.
1632 2587 1728 2637 6:021}

223 2652 296 2684 τῶν
319 2649 455 2694 ὀχετῶν
479 2651 583 2696 οἵπερ
614 2647 687 2683 ἀπὸ
711 2646 848 2692 ἥπατος
874 2649 910 2687 ἐς
934 2646 1094 2695 νεφροὺς
1118 2650 1333 2693 κραίνουσιν
1355 2647 1392 2682 id
1415 2652 1470 2682 est
1495 2639 1728 2720 tel-cumina&

224 2705 318 2738 unde
343 2703 563 2752 ὀχετόκρανα
587 2715 718 2739 nomen
741 2704 884 2739 habent.
932 2701 1056 2751 Κρήνη
1083 2708 1118 2737 et
1144 2700 1241 2747 πηγή
1274 2703 1358 2746 quid
1381 2702 1550 2740 differant
1572 2708 1694 2738 osten·
1718 2723 1728 2754 ᾖ

223 2759 273 2794 dit
298 2760 454 2795 Siebelis
476 2761 523 2795 ad
548 2760 656 2796 Paus.
674 2760 700 2796 1.
731 2760 783 2794 14.
1462 2764 1465 2767 ’
1519 2770 1521 2773 ·
1722 2763 1725 2770 ’
