1728 3120
1658 161 1673 203 ’ἵ

213 206 314 253 220
639 199 1103 244 DISSERTATIO
1146 199 1259 244 XIII.

216 311 425 365 κοιτάζω,
462 310 669 367 πηγάζω,
706 314 854 368 partim
881 313 1068 357 omnibus
1099 321 1197 370 apta
1230 309 1443 368 ἆκμάζω>,-’
1465 312 1704 369 βλιμάζιιῆ

215 377 407 430 δοξάζω,
437 375 657 430 σχολάζω,
686 376 900 431 χλευάζω,
938 393 964 423 a
992 383 1105 437 puris
1135 377 1428 437 ἑκκλησιάζω,
1456 379 1705 434 evocatum&

212 441 525 502 παῤῥησιάζω,
567 442 859 496 συνουσιάζει),
898 459 950 489 ex
987 459 1067 503 quo
1107 448 1372 503 consequitur
1405 443 1705 502 οἰκουάζομαιτ

213 518 253 554 et
280 508 514 565 βιάζομαι,
547 523 653 565 quae
685 508 953 555 Grammatici
980 513 1220 556 verbalibus
1246 514 1464 569 adjiciunt,
1495 526 1523 556 a
1549 515 1681 557 nomi-

212 577 333 619 nibus
365 578 457 620 duci
477 590 602 634 posse
630 579 725 619 item
752 585 794 619 ut
824 574 1000 630 εὖνάζω,
1030 580 1196 636 aliaque
1218 593 1344 637 supra
1361 579 1508 623 relata.
1539 578 1707 623 Schol.·

211 643 314 687 Ven.
344 644 397 687 ad
424 644 553 686 Arist.
581 642 824 686 Rann.3S2.
854 643 1010 698 μέλπω
1039 645 1254 699 μολπάζω
1287 645 1346 698 ὥς
1373 646 1510 703 τρέχω
1539 644 1681 704 τρόχω

213 711 312 762 (sic)
341 708 550 767 τροχάζω,
581 712 650 766 qui
680 713 716 752 si
746 724 819 766 pro
847 709 988 767 τρόχω
1007 725 1090 755 non
1114 715 1254 769 τροχῶ
1287 713 1360 755 sed
1389 710 1546 769 τρόχος
1578 713 1705 771 scri-A

211 779 310 834 psit,
348 775 563 831 μολπάζω
603 777 706 820 illud
745 784 784 819 et
822 777 977 820 similia
1014 791 1096 821 non
1129 791 1156 821 a
1193 779 1321 822 verbo
1351 778 1427 822 sed
1461 778 1514 821 ab
1555 780 1682 822 inter-

212 846 346 900 posito
377 846 541 887 nomine
584 844 771 887 derivata
810 857 905 886 esse
937 844 1087 895 voluit,
1126 851 1170 887 ut
1202 858 1228 888 a
1265 847 1398 888 σῦκον
1437 842 1610 898 συκάζω
1642 851 1683 888 et

214 911 266 953 ab
299 911 395 953 ali1s
426 911 609 966 ejusdem
639 911 927 954 declinationis
958 909 1212 969 στομφάζω,
1243 908 1444 965 κωμάζω,
1474 908 1682 964 στοχάζο-

210 975 590 1034 μαι-ῥυσιάζω,
635 975 856 1034 ῥοθιάζω,
905 976 1243 1034 φροιμιάζομαι.
1300 977 1447 1030 Aeque
1485 977 1613 1021 multa
1642 983 1683 1020 et

210 1045 331 1087 varia
358 1042 670 1099 proficiscuntur
699 1043 751 1085 ab
785 1044 1020 1098 adJectivis3
1049 1046 1218 1100 primum
1251 1057 1276 1087 a
1301 1044 1541 1088 verbalibus
1570 1059 1684 1101 φαν-

210 1109 287 1162 τός
315 1108 606 1167 φαντάζομαι,
635 1106 861 1161 Εὗκτάζου
886 1105 1024 1163 εὔχου,
1061 1107 1276 1165 Φερτάζει
1301 1109 1430 1166 φέρει
1451 1110 1548 1154 Hes.
1575 1110 1682 1153 alia-

211 1190 290 1233 que
321 1177 375 1219 ad
405 1176 470 1231 Aj.
500 1190 538 1232 p.
567 1176 635 1218 90.
665 1176 864 1226 collecta,
901 1189 1070 1232 quorum
1099 1177 1305 1232 primitiva
1345 1190 1422 1220 usu
1449 1179 1546 1220 trita
1576 1183 1681 1227 sunt,

211 1244 287 1286 sed
323 1243 441 1285 licuit
478 1242 582 1285 talia
621 1243 745 1284 etiam
786 1242 838 1285 ab
880 1244 1088 1285 inusitatis
1123 1243 1273 1286 ducere
1311 1241 1424 1286 νεύω
1467 1241 1681 1297 (νευστός)

210 1307 452 1362 νευστάζω,
482 1306 572 1366 ῥύω
603 1307 796 1366 (ῥυστός)
832 1307 1052 1366 ῥυστάζω,
1083 1306 1325 1362 ὄδακτάζω,
1357 1308 1573 1364 βαστάζω.
1631 1308 1682 1352 Et

209 1377 305 1419 huic
333 1389 502 1419 numero
535 1375 809 1430 adjiciendum
837 1375 1000 1419 videtur
1021 1375 1124 1418 illud
1155 1376 1204 1418 de
1235 1389 1315 1432 quo
1344 1375 1588 1419 Ammonius
1615 1376 1680 1419 lo-

206 1445 344 1500 quitur
373 1440 552 1486 κύπτειν
574 1442 622 1484 τὸ
656 1440 943 1495 κάμπτεσθαι
966 1441 1042 1486 ἐπὶ
1070 1444 1159 1500 γῆν,
1191 1439 1426 1495 κυπτάζειν
1443 1442 1495 1486 τᾶ
1523 1458 1682 1499 στραγ-

210 1508 435 1565 γεύεσθαι,
466 1509 573 1564 quod
603 1522 680 1552 nos
701 1510 762 1552 sic
793 1510 1049 1552 enuntiamus
1079 1508 1182 1551 illud
1201 1508 1432 1552 absolutum
1461 1523 1571 1560 esse,
1599 1508 1680 1552 hoc

211 1577 552 1632 frequentativum
573 1576 750 1632 ideoque
779 1576 997 1619 transferri
1020 1576 1074 1618 ad
1106 1589 1180 1619 eos
1213 1576 1284 1631 qui
1312 1576 1469 1619 intenta
1489 1589 1618 1632 opera
1638 1578 1680 1619 in

211 1642 380 1700 aliquod
408 1642 584 1685 studium
610 1642 858 1686 incumbunt.
916 1642 1056 1699 Itaque
1079 1655 1164 1686 non
1192 1641 1368 1698 simplex
1381 1642 1500 1686 verbi
1527 1641 1678 1686 κύπτω

208 1709 629 1768 paraschematismus
649 1723 744 1752 esse
773 1710 935 1754 videtur
964 1710 1038 1753 sed
1069 1709 1261 1765 adjectivi
1285 1709 1452 1760 κυπτός
1478 1722 1680 1765 germana

208 1791 394 1835 propago
420 1777 636 1833 simileque
665 1777 977 1833 frequentativis
1006 1776 1127 1820 latini
1156 1778 1360 1820 sermonis
1389 1789 1554 1826 versus,
1586 1790 1679 1820 ver-

209 1858 324 1893 sare,
356 1851 512 1887 tractus
543 1850 735 1886 tractare.
793 1843 906 1886 Idem
935 1844 1116 1887 fortasse
1147 1841 1337 1886 differunt
1363 1839 1543 1900 κρύπτω
1579 1859 1681 1899 κρυ-

210 1909 322 1961 πτός
352 1909 601 1967 κρυπτάζω,
630 1909 772 1966 (tima)
804 1908 963 1968 ῥιπτός
994 1905 1204 1968 ῥιπτάζω,
1234 1909 1344 1966 quod
1366 1907 1462 1953 EM.
1490 1908 1587 1960 424,
1611 1910 1678 1951 52.

210 1991 301 2020 cum
335 1973 515 2033 ἠλάσκω
555 1973 789 2032 ἧλασκάζω
821 1977 979 2018 confert
1013 1977 1205 2031 neglecto
1243 1979 1447 2033 propiore.
1505 1975 1571 2018 Ab
1605 1975 1680 2018 ad-

204 2045 369 2100 Jectivis
413 2055 498 2084 non
538 2042 778 2084 verbalibus
823 2039 1040 2098 ἇρτιάζω,
1089 2039 1421 2098 ἇφροδισιάζω,
1465 2039 1678 2096 γυμνάζω,

209 2107 529 2166 ἐλευθεριάζει),
560 2105 781 2164 ἡσυχάζω,
812 2105 973 2160 ἶσάζω,
1012 2105 1256 2164 μετριάζω,
1285 2105 1546 2162 σχετλιάζω,
1584 2123 1680 2165 pro-

207 2178 515 2221 batissimorum
547 2182 758 2217 auctorum
786 2188 865 2218 usu
889 2175 1128 2225 nobilitata3
1165 2177 1298 2217 minus
1326 2188 1427 2218 vero
1455 2176 1581 2218 attica
1609 2193 1679 2232 γε-

209 2242 395 2295 λοιάζω,
436 2241 546 2298 quod
573 2240 733 2284 Moeris
759 2241 1042 2298 reprehendit,
1077 2239 1231 2293 ἰδιάζω
1266 2248 1306 2284 et
1334 2239 1612 2295 ἐξιδιάζομαι
1637 2257 1676 2286 v.

211 2311 265 2354 ad
290 2309 440 2365 Phryn.
472 2308 567 2350 199.
609 2305 943 2362 ἓκουσιάζομαι,
982 2305 1207 2364 ἕρημάζω,
1241 2305 1438 2362 μονάζω,
1468 2305 1676 2362 ὁμοιάζω,

209 2375 425 2431 συχνάζω,
456 2372 686 2430 ὡριμάζω,
725 2388 752 2418 a
781 2375 981 2430 synthetis
1017 2371 1235 2428 ἀτιμάζει),
1267 2371 1484 2426 ἕνθεάζω,
1517 2374 1673 2428 ἑπιχωη

210 2442 370 2499 ριάζω,
393 2445 433 2497 6)
475 2449 595 2498 atque
633 2443 720 2497 ejus
758 2443 926 2497 generis
965 2441 1074 2498 quod
1113 2438 1161 2483 ἐκ
1198 2441 1320 2483 δυοῖν
1359 2439 1404 2483 ἕν
1436 2442 1676 2494 vocitamus,

211 2507 437 2562 ἐνδοιάζω.
494 2508 648 2552 Horum
676 2509 886 2552 nonnullis
914 2508 1044 2551 verba
1065 2513 1344 2564 praecurrunt,
1375 2507 1675 2562 significatione
1721 2535 1723 2538 <

208 2577 375 2620 eadem:
407 2573 631 2632 τροχάζειν
659 2571 712 2619 οἷί
742 2590 854 2633 φασι
883 2576 973 2618 δεῖν
1002 2573 1140 2629 λέγειν
1172 2570 1284 2617 ἀλλὰ
1315 2573 1479 2630 τρέχειν
1506 2573 1675 2618 Antiatt.

302 2735 340 2779 6)
372 2732 619 2780 Ἐπιπολάζω,
645 2732 842 2783 ἐξωριάζω,
876 2731 1053 2782 εὐωριάζω
1078 2731 1245 2770 differunt
1278 2745 1324 2770 eo
1351 2731 1449 2778 quod
1475 2732 1591 2779 prima
1612 2744 1675 2779 po-

211 2791 291 2826 sitio
315 2802 388 2826 non
413 2795 522 2826 extat.
