1728 3120
290 176 395 222 CAr.
422 176 491 220 lv.
549 175 622 219 DE
657 174 857 220 VERBIS
887 173 944 219 IN
965 165 1051 229 ἶ,
1075 165 1196 226 W,
1218 164 1300 220 ffi-
1438 177 1539 222 249

141 300 146 309 ‘
236 306 238 312 ’
261 302 337 350 pro
367 287 569 347 σελάτης,
599 289 768 346 σέβαλα
796 286 823 347 ἡ
857 286 1068 346 ἔκπληξις
1094 302 1134 345 p.
1164 287 1387 342 σέβασμα,
1422 284 1542 329 σεύε-

85 382 101 410 .·
151 372 199 417 p.
235 358 406 408 σέσελι,
449 354 673 423 σελασ-μές-
715 352 740 414 ἢ
781 352 1018 410 ἀλαζονεία
1056 369 1095 413 p.
1135 349 1388 408 σελλισμός.
1454 350 1543 396 Nec

66 430 78 486 j
122 448 149 467 -ι
185 435 189 439 ’
218 429 535 472 terminationes
575 441 668 470 σκω
706 432 747 469 et
787 415 853 479 ζᾟ
881 426 1017 469 eidem
1054 424 1184 469 verbo
1224 424 1472 480 adaptantur
1499 428 1544 465 ut

70 544 74 549 ,
105 493 314 539 :mitram
344 495 456 553 quod
485 493 617 538 semel
645 495 855 537 inventum
885 500 948 537 est
973 499 1014 535 et
1044 489 1293 550 ἑμφανίζω,
1326 487 1542 548 στερίσκω

78 558 320 620 3στἐῖρίζω
367 557 685 617 (ἇποστερίζω)
730 557 969 616 γενειάσκω
1012 566 1052 602 et
1094 555 1328 615 γενειάζω,
1371 569 1544 614 quorum

46 665 62 685 4
130 628 159 672 d
186 628 415 674 inchoativi
443 627 644 679 similius,
684 626 765 671 hoc
793 640 868 684 pro
901 629 1077 682 γενειῶ,
1117 625 1321 682 aliterque
1361 625 1546 667 discreta

59 686 246 745 «wtheta
283 693 615 753 ὑπογενειάζων
657 693 706 738 τὸ
747 691 980 738 ἅπτεσθαι
1022 695 1102 737 τοῦ
1143 691 1337 750 γενείου,
1380 688 1545 747 ὑπογε-

127 760 272 808 'carew
308 763 359 809 δὲ
386 762 437 808 τὸ
476 759 579 821 ἄρτι
620 761 825 814 ἐξανθεῖν
853 762 905 804 τὸ
942 761 1109 815 γένειον
1140 759 1367 804 Herodian.
1396 757 1546 801 Philet.

52 829 220 875 443
250 830 427 875 alterum
455 832 564 875 enim
596 843 623 873 a
652 830 818 873 nomine
842 827 1129 885 proficiscitur,
1160 827 1333 871 alterum
1367 839 1393 869 a
1414 825 1544 869 verbo

121 900 236 959 ὀιᾷν.
294 897 343 942 In
369 899 503 942 tribus
522 896 572 940 N.
593 896 644 940 T.
675 896 784 940 locis
813 909 888 953 pro
910 893 1253 950 ἐκγαμίσκονται
1280 893 1401 937 codd.
1432 906 1546 937 com-

54 987 84 1005 ·.
99 978 197 1010 ures
233 965 494 1022 γαμίζονται
526 963 730 1023 praebent
760 970 802 1006 et
832 975 908 1019 pro
947 960 1220 1015 γαμίσκοντα
1256 962 1300 1003 in
1339 959 1547 1003 Callicra-

69 1046 169 1078 ae
198 1033 348 1090 fragm.
371 1032 490 1078 Stob.
508 1029 727 1076 LXXXV.
748 1029 814 1072 18.
843 1043 882 1087 p.
912 1027 1008 1071 182.
1047 1027 1158 1084 quod
1188 1027 1239 1070 de
1274 1028 1366 1070 viro
1394 1026 1548 1070 dictum

29 1107 120 1183 istst
152 1101 322 1159 nuptias
340 1097 524 1144 'ineunte
553 1098 862 1142 Valckenarius
899 1096 1072 1149 corrigit
1107 1092 1427 1151 γαμησείοντα,
1471 1094 1548 1137 sed

27 1186 94 1304 ἓν
115 1232 344 1290 μάζουσαν
373 1232 569 1294 γαμίσκῃ
599 1233 680 1278 hoc
709 1239 774 1276 est
802 1232 945 1290 γαμῇ,
981 1236 1204 1286 ceteraque
1235 1230 1324 1272 fere
1351 1230 1494 1272 omnia
1522 1242 1549 1271 a

10 1265 30 1375 f
97 1301 200 1346 rbis
231 1300 508 1346 circumflexis
537 1301 727 1345 derivata
757 1298 934 1343 eandem
958 1311 1051 1342 cum
1082 1297 1169 1340 illis
1200 1296 1549 1352 significationem

10 1338 36 1433 ξ
128 1375 227 1422 »nt,
254 1367 540 1414 πωιάσκειαι
570 1370 615 1412 in
644 1366 770 1412 orac.
800 1365 948 1410 Chald.
978 1363 1173 1408 xxvm.
1201 1377 1241 1421 p.
1267 1365 1336 1407 23.
1367 1380 1549 1421 τρωπα-

26 1437 241 1516 ἱκέσθω
268 1436 622 1493 μεταβαλλέσθω
644 1435 744 1480 Hes.
774 1440 815 1478 et
845 1433 934 1477 alia
963 1432 1015 1476 ad
1038 1431 1188 1476 Buttm.
1219 1445 1258 1488 p.
1276 1431 1346 1474 60.
1365 1431 1432 1485 l¹²)
1462 1431 1547 1474 col-

15 1510 64 1572 .)ss
88 1511 162 1550 ta.
221 1501 520 1562 Ὄφλίσκουσι
559 1502 717 1547 Suidas
761 1502 943 1546 fortasse
987 1514 1039 1544 ex
1083 1499 1360 1557 epimerismis
1406 1500 1552 1542 sumsit

26 1583 77 1634 'tw'
101 1575 183 1619 asi
201 1574 451 1632 primitivum
466 1573 586 1618 verbi
605 1569 880 1630 ὀφλισκάνω.
923 1570 1252 1613 Terminationis
1270 1583 1389 1613 οσκω
1412 1581 1552 1611 exem-

25 1642 175 1727 plum
211 1640 371 1685 nullum
407 1646 574 1698 praeter
611 1638 922 1695 Hesychianum
964 1635 1204 1695 φυγόσκειν
1242 1634 1441 1693 φεύγειν,
1487 1636 1555 1678 cui

24 1723 149 1793 tnon
176 1708 271 1768 plus
299 1707 398 1752 fidei
424 1706 563 1752 tribuo
593 1720 718 1765 quam
746 1706 935 1763 sequenti
965 1706 1205 1762 φυτοσμῶν
1230 1703 1331 1756 (sic)
1364 1699 1552 1758 φεύγων.

6 1759 30 1859 13
52 1775 219 1833 >Eorum
252 1788 361 1834 quae
398 1775 567 1834 ypsilon
603 1776 647 1818 in
680 1774 908 1832 penultima
930 1771 1086 1816 habent
1115 1772 1187 1815 uni
1224 1766 1401 1814 ἀλύσκω
1436 1769 1556 1812 deest

24 1841 29 1874 ³⁴
143 1845 313 1889 'tivum
344 1839 466 1887 ἀλύω
491 1843 568 1886 sed
594 1842 787 1886 damnum
813 1840 973 1899 supplet
1003 1836 1173 1892 ἓξαλύω
1203 1840 1248 1882 in
1265 1837 1418 1893 hymno
1444 1836 1554 1881 hom.

60 1914 90 1950 [ἥ
144 1934 147 1950 2
173 1932 181 1951 ·.
216 1912 404 1970 sequitur
434 1910 599 1955 'vocalis
628 1912 672 1954 in
701 1923 783 1954 uno
823 1920 1135 1966 paragogorum
1167 1911 1338 1964 apparet
1377 1901 1557 1959 ἀμβλώ-

5 2021 11 2054 Ι
74 1982 151 2011 ²²
217 1981 257 2024 si
281 1977 448 2038 quidem
476 1978 521 2022 id
548 1985 592 2022 ut
619 1977 832 2035 plerisque
857 1983 1043 2020 veterum
1076 1974 1263 2025 videtur,
1302 1971 1355 2015 ab
1388 1967 1558 2026 ἃμβλύς

61 2046 197 2111 vaiss·
232 2059 239 2076 ³·
265 2067 269 2082 ι
294 2069 310 2085 ιε
347 2052 416 2090 est
454 2058 681 2104 suppresso
710 2044 872 2102 ypsilo,
911 2042 1022 2103 quod
1049 2039 1264 2084 Nicander
1301 2040 1427 2084 etiam
1458 2051 1558 2081 con-

80 2111 153 2167 ‘J‘
194 2134 200 2155 ι
239 2110 493 2171 ἀμβλώσσω
521 2115 550 2157 i:
576 2127 615 2171 q.
646 2108 925 2168 ἆμβλυώσσω
957 2123 1033 2153 seu
1058 2105 1342 2163 ἇμβλυωπέω
1369 2106 1559 2149 detraxit.

155 2195 259 2229 vero
301 2180 509 2238 singulari
549 2179 728 2237 quodam
769 2191 982 2234 syncopae
1019 2188 1176 2233 genere
1222 2188 1276 2218 ex
1322 2170 1558 2229 ἇναβάλλω

23 2255 24 2258 ’
61 2246 204 2297 ortum
232 2255 310 2301 est,
339 2247 450 2305 quod
482 2245 639 2290 Suidas
670 2245 911 2302 significare
941 2244 1105 2288 videtur
1133 2238 1417 2296 Ἀμβλίσκειν
1446 2256 1560 2298 προ-

43 2354 57 2358 .
67 2314 251 2375 βάλλειν
281 2313 485 2373 κυήματα
511 2326 551 2357 v.
583 2312 638 2355 ad
665 2313 735 2369 Aj.
762 2326 801 2369 p.
828 2313 897 2356 97.
928 2318 1013 2356 not.
1046 2317 1086 2354 et
1116 2310 1170 2354 ad
1195 2308 1343 2353 Buttm.
1375 2308 1473 2350 111.
1505 2307 1560 2350 ad

6 2423 8 2426 ,
47 2385 198 2442 longe
225 2382 355 2428 alium
383 2381 523 2425 locum
555 2380 744 2437 pertinet.
804 2379 871 2422 Ab
904 2375 1210 2435 ἆμβλυώσσειν
1241 2376 1421 2432 aliisque
1449 2375 1561 2430 eJus-

8 2439 44 2500 ἶ
70 2451 167 2498 dem
207 2450 426 2509 potestatis
469 2447 610 2492 verbis
653 2443 942 2505 τυφλώττειν,
988 2441 1277 2499 κικυμώττειν
1318 2449 1358 2486 et
1399 2442 1560 2485 novitio

0 2506 30 2562 ss
55 2515 395 2575 ,τζιμπλώττειν
424 2513 561 2559 differt
590 2511 848 2566 ἶλλώπτειν,
877 2512 988 2570 quod
1015 2526 1099 2556 non
1130 2511 1400 2568 compositum
1431 2515 1494 2552 est
1519 2515 1562 2551 ut

4 2596 12 2609 ²
72 2583 417 2643 wyttenbachius
451 2589 595 2628 censet
625 2581 679 2625 ad
706 2580 812 2623 Plut.
847 2580 898 2623 de
931 2580 1113 2624 discrim.
1143 2579 1269 2622 Adul.
1295 2592 1332 2634 p.
1357 2575 1454 2619 433.
1486 2575 1562 2618 sed

0 2650 10 2698 3³
48 2682 49 2685 =
75 2667 105 2699 a
137 2654 368 2712 composito
403 2648 557 2708 ἴλλωψ
595 2650 843 2700 derivatum,
884 2655 927 2691 ut
956 2661 983 2691 a
1013 2644 1199 2706 γόργωψ
1227 2642 1561 2703 γοργώψασθαι

173 2788 231 2834 14)
266 2787 320 2824 lbi
343 2787 510 2825 consulto
542 2787 645 2824 omisi
666 2783 821 2824 ’[άσκειν
845 2781 952 2831 ἄγειν
974 2782 1063 2820 Hes.
1089 2788 1126 2819 et
1151 2781 1223 2818 alia
1252 2791 1367 2826 aeque
1392 2779 1559 2815 obscura.

68 1189 84 1199 ·=
111 1169 272 1212 ⁷=eteriit
290 1165 506 1225 quod'non
530 1166 658 1211 multo
677 1171 772 1223 post
793 1165 980 1221 sequitur
1002 1176 1040 1220 p.
1060 1161 1154 1212 183,
1182 1161 1248 1205 14.
1281 1158 1388 1205 αἴκα
1416 1177 1546 1212 τις-
1614 1167 1622 1173 ”
