1708 3126
202 177 267 223 46
665 168 1130 214 DISSERTATlo
1171 170 1220 213 11.

202 287 334 330 lorum
363 284 585 341 permutari
616 295 738 338 quam
764 295 848 325 non
879 285 931 324 sit
960 282 1193 334 insolitum,
1225 282 1360 326 dicam
1391 281 1513 326 alias.
1572 281 1673 327 Cum

201 354 276 396 θῶ
303 347 469 394 θάπτω
501 347 740 391 Eustathius
771 347 894 399 1746,
922 348 988 391 15.
1019 356 1232 407 comparat
1257 350 1342 392 κνῶ
1375 345 1578 401 κνάπτω,
1605 351 1674 404 βὰῐ

200 415 359 474 βάπτω
388 414 437 459 τὸ
470 411 716 469 ἐμβιβάζω,
753 414 820 473 ῥῶ
847 412 1004 473 ῥάπτω
1038 414 1088 459 τὸ
1119 413 1184 468 εἷς
1214 415 1350 475 ῥῶσιν
1377 410 1471 472 ἔγω
1490 419 1559 470 ²⁸)
1601 416 1675 460 ad·-

201 486 354 541 scripto
391 481 619 525 Herodiani
656 483 844 533 nomine,
889 483 955 525 cui
991 495 1073 525 non
1109 484 1249 526 omnia
1291 481 1558 526 concedimus
1600 482 1676 527 sedi

202 552 324 595 modo
354 550 538 607 primum.
597 546 778 592 Λάπτω
806 561 890 592 non
914 548 1080 592 aliunde
1106 549 1287 606 pendere
1317 549 1393 593 sed
1422 562 1568 594 sonum
1598 563 1675 594 na-

201 618 379 662 turalem
412 629 559 660 canum
587 615 813 658 bibentium
843 616 1071 672 exprimere
1098 615 1280 669 videtum
1321 615 1508 660 nonnulli
1536 622 1671 660 tamen

199 687 398 729 rimantur
437 683 575 726 altius.
631 679 774 725 Λάων
816 680 859 725 οἱ
897 681 978 736 μὲν
1013 681 1213 736 βλέπων,
1250 680 1295 726 οἶ
1323 682 1373 728 δὲ
1410 680 1592 728 mmm
1620 684 1672 741 τῇ

199 750 377 809 γλώσσῃ
405 749 503 793 Hes.
560 747 688 792 Verbi
718 746 903 792 σκάπτω
934 755 1099 804 etymon
1126 748 1317 792 vocalius
1349 749 1482 793 fuisse
1510 747 1678 805 colligi-v

200 832 291 862 mus
321 831 373 861 ex
400 817 628 861 mobilitate
659 828 935 859 consonarum
963 815 1169 858 finalium:
1209 812 1404 868 Καιετός
1431 811 1604 873 ὄρυγμα
1633 815 1675 859 id

199 893 263 930 est
294 883 500 934 κάπετος,
529 880 801 933 Σκάλλοντες
825 880 1110 934 σκάπτοντες,
1140 881 1303 933 Σκαλίς
1330 881 1523 940 σκάφιον
1550 882 1594 926 id
1614 889 1676 926 esi

202 948 407 1006 σκαπάνη
445 949 543 992 Hes.
565 951 634 1004 26)
699 947 827 991 Verbi
874 947 1028 992 κάπτω
1072 949 1248 992 traditur
1285 948 1424 992 thema
1461 948 1677 994 scholicon

202 1016 332 1063 κάπω
371 1016 420 1060 τὸ
453 1015 571 1060 πνέω
604 1014 652 1067 ἐξ
687 1009 740 1059 οὗ
779 1014 923 1066 κάπος
954 1015 1003 1058 τὸ
1042 1017 1215 1068 πνεῦμα
1253 1013 1328 1059 καὶ
1366 1013 1535 1068 καπνός
1561 1015 1677 1061 Eust-

200 1085 298 1136 541,
326 1083 396 1126 45.
431 1083 506 1126 sed
548 1082 693 1133 κάπος
724 1095 806 1125 non
844 1083 980 1137 magis
1013 1081 1166 1137 legitur
1200 1095 1323 1138 quam
1353 1079 1500 1140 κάφος
1527 1089 1568 1126 et
1599 1099 1677 1127 κα-

201 1152 312 1211 φέω,
340 1164 367 1194 a
395 1162 475 1206 quo
503 1149 728 1206 perfectum
758 1146 993 1205 κεκαφηώς
1025 1148 1252 1191 derivatum
1282 1149 1380 1192 dicit
1408 1162 1446 1206 p.
1463 1148 1586 1202 1281,
1606 1149 1674 1194 38.

151 1236 157 1238 -
200 1220 245 1263 id
274 1224 410 1262 autem
432 1230 455 1259 e
485 1215 659 1272 κέκαφα
682 1221 813 1258 ortum
840 1214 983 1258 volunt
999 1228 1073 1272 per
1096 1215 1351 1259 anadromen
1377 1221 1421 1258 nt
1448 1215 1625 1261 ὄουπέω
1649 1229 1678 1261 a
1707 1250 1708 1258 ,

203 1285 403 1331 ὂέὸουπα
441 1282 537 1326 Sch.
577 1281 623 1325 ll.
651 1280 699 1323 V.
739 1281 834 1324 698.
908 1280 995 1324 Sed
1031 1281 1295 1325 Herodianus
1332 1295 1407 1339 pro
1448 1279 1676 1328 anadrome

200 1352 409 1397 substituit
445 1356 590 1407 tropen
634 1361 845 1392 consonae
884 1349 1019 1391 tenuis
1060 1350 1104 1391 in
1148 1349 1396 1406 aspiratam:
1441 1347 1678 1407 κεκαπηώς

199 1418 285 1478 γάρ
315 1432 427 1477 φησι
458 1416 506 1459 τὸ
548 1412 762 1470 ἀνάλογον
789 1413 903 1458 Eust.
933 1414 1028 1466 561,
1060 1415 1126 1457 12.
1156 1415 1338 1459 fortasse
1372 1413 1425 1459 ob
1456 1428 1551 1459 eam
1576 1429 1677 1460 cau-

201 1499 293 1530 sam
323 1486 421 1541 quia
449 1484 585 1527 tenuis
616 1487 785 1539 apparet
817 1484 860 1524 in
890 1481 1124 1533 καπύσσω,
1154 1483 1365 1539 aspiratae
1392 1495 1493 1526 vero
1521 1483 1676 1527 nullum

200 1559 263 1598 est
293 1558 448 1596 certum
476 1549 693 1600 indicium3
722 1561 818 1591 nam
849 1547 1014 1605 κέκηφε
1042 1547 1229 1602 τέθνηκε
1249 1547 1348 1592 Hes.
1365 1549 1434 1603 ²⁷)
1464 1549 1519 1593 ad
1546 1548 1677 1609 κήπω

198 1618 462 1664 referendum
489 1617 625 1673 potius
660 1628 783 1671 quam
821 1614 876 1658 ad
903 1612 1032 1672 κήφω
1062 1627 1114 1658 ac
1141 1617 1286 1660 nescio
1325 1627 1382 1658 an
1412 1615 1560 1660 eodem
1587 1624 1675 1662 tra-

198 1687 377 1731 hendum
403 1686 455 1727 sit
470 1682 584 1739 quod
597 1689 690 1739 post
710 1680 1022 1735 καπνωμένους
1049 1681 1203 1738 legitur
1218 1678 1432 1727 Καπνοόν
1449 1681 1505 1726 τὰ
1519 1684 1676 1728 πνέον-

198 1771 276 1805 τα,
315 1766 341 1795 a
370 1750 544 1793 Musuro
585 1755 719 1792 autem
757 1750 801 1790 in
844 1744 1043 1790 καπνότα
1074 1748 1264 1793 πνέοντα
1301 1761 1546 1792 conversum
1588 1757 1676 1803 est3

201 1821 353 1863 etenim
406 1818 586 1860 aoristus
627 1828 723 1858 esse
774 1814 936 1856 videtur
978 1812 1179 1858 καπόντα
1221 1828 1274 1858 ex
1321 1817 1433 1859 serie
1484 1818 1673 1875 scriptus.

201 1883 397 1930 Κνάπτω
428 1884 516 1926 sive
546 1879 725 1937 γνάπτω
756 1894 782 1924 a
808 1878 925 1923 κνάω
955 1886 1086 1924 ortum
1108 1881 1198 1935 Jam
1226 1880 1354 1924 attuli.
1411 1880 1464 1927 Et
1491 1896 1519 1927 a
1547 1884 1675 1928 simili

198 1952 400 2010 principio
437 1955 576 1991 natum
620 1961 715 1990 esse
747 1944 935 2001 κάμπτω
975 1948 1063 1990 sive
1098 1944 1310 2001 γνάμπτω
1348 1951 1548 2005 cognosci
1575 1950 1676 1995 licet

200 2033 253 2063 ex
288 2016 546 2065 nominibus,
585 2013 733 2070 quibus
777 2013 1025 2069 significatio
1065 2014 1178 2056 curvi
1218 2013 1381 2066 subest,
1424 2013 1529 2070 γόνυ
1572 2015 1676 2072 γνύξ

199 2082 438 2141 γνύπετος,
469 2078 607 2138 κνήμη
638 2080 835 2136 suffrago,
870 2077 1032 2137 κνημός
1061 2079 1294 2131 anfractuS‚
1327 2079 1547 2135 γναθμός,
1578 2081 1676 2138 γνύ-

199 2155 302 2202 θος.
361 2149 447 2193 Sed
475 2149 723 2206 primigenia
743 2147 879 2191 forma
906 2148 1009 2190 mire
1028 2148 1194 2191 variata
1221 2154 1307 2198 est3
1340 2145 1472 2205 Epim.
1490 2147 1627 2192 Cram.
1642 2148 1673 2192 1.

200 2217 295 2260 103.
331 2215 382 2261 τὸ
429 2214 618 2269 κάμπτω
656 2212 846 2270 σύνηθες
882 2216 976 2265 τοῖς
1015 2214 1229 2265 παλαιοῖς
1264 2212 1428 2269 λέγειν,
1469 2213 1586 2273 ὅπερ
1629 2215 1676 2260 ἐν

288 2399 351 2444 25)
386 2398 447 2434 Sic
471 2398 578 2433 etiam
602 2396 739 2432 Anecd.
767 2394 886 2431 Bekk.
913 2393 990 2429 766.

290 2465 350 2510 26)
383 2465 442 2501 De
472 2466 611 2501 duabus
647 2464 814 2499 consonis
853 2462 1047 2498 initialibus
1072 2461 1119 2497 ad
1142 2466 1343 2496 extremum
1364 2460 1478 2508 sigma
1500 2461 1672 2497 remansit

198 2522 333 2558 solum:
361 2524 512 2563 τζαπίον
536 2520 574 2557 τὸ
595 2518 786 2568 λισγάριον
807 2519 930 2556 Schol.
955 2519 1107 2554 Theocr.
1133 2517 1196 2552 lv.
1216 2517 1266 2552 10.
1294 2522 1330 2552 et
1356 2528 1486 2565 suppa
1509 2519 1671 2564 σκαφίον

199 2578 320 2615 Gloss.
349 2578 517 2615 Graecol.
545 2579 641 2624 quod
664 2583 832 2624 superest
857 2577 892 2611 in
917 2575 1044 2622 linguis
1069 2573 1259 2610 romanicis
1284 2584 1392 2620 sape,
1416 2584 1555 2622 zappa.

287 2649 348 2694 27)
380 2648 480 2684 Idem
501 2647 694 2695 Ἐγκάπτει
719 2648 857 2690 ἐκπνεΐ,
885 2645 946 2681 ubi
963 2635 1018 2691 ῖγ
1041 2643 1209 2689 scriptum
1226 2649 1280 2679 est
1307 2654 1373 2688 pro
1396 2634 1451 2680 Ξε-
1467 2649 1506 2680 ut
1516 2643 1679 2690 'Eryke-l

199 2705 314 2751 φῆναι
346 2706 577 2752 ἐγγλυφῆναι
609 2704 697 2741 ΕΜ.
736 2705 889 2750 ἔγγονος
922 2712 989 2749 pro
1025 2701 1177 2747 ἔκγονος
1213 2705 1249 2736 et
1297 2700 1425 2736 similia
1459 2710 1495 2738 v.
1532 2699 1668 2736 Buttm.

196 2760 354 2796 Gramm.
380 2773 415 2807 p.
443 2762 495 2796 17.
