1728 3120
28 0 77 269 ΞΡ
538 195 610 239 DE
649 193 888 239 VOCABB.
930 192 1086 238 SENS.
1458 198 1559 247 349

29 291 231 378 sfflnen.
245 309 298 354 ΙΙ.
322 309 392 354 49.
419 309 466 354 G.
485 310 558 363 ³⁰)
589 309 666 353 sed
697 308 932 352 defenditur
963 308 1216 352 necessitate
1246 314 1290 352 ut
1319 304 1344 353 ὁ
1375 307 1452 356 ἐπὶ
1480 313 1561 356 τοῦ

26 399 31 430 ¹,
64 377 317 438 ἐλέφαντος
349 375 517 429 ἱππεύς
543 391 584 422 v.
609 376 782 420 Jacobs.
817 376 873 420 ad
900 375 1024 420 Anth.
1054 390 1092 433 p.
1119 376 1214 420 700.

26 435 31 532 ἒ
79 464 81 467 ’
184 480 221 536 §.
251 480 291 524 6.
341 478 559 533 Quomodo
577 478 825 536 clepsydrae
844 490 992 521 recens
1008 477 1183 523 Romam
1203 479 1434 523 translatae
1455 481 1562 524 anti-

24 539 29 569 ·²
70 560 152 606 quo
180 548 348 592 nomine
377 549 541 591 solaria
570 546 808 604 appellatae
840 553 946 598 sunt,
977 548 1039 590 sic
1069 554 1108 590 et
1139 547 1236 590 aliis
1266 546 1390 591 rebus
1419 550 1560 606 specie

69 621 228 660 mutata
271 617 425 658 mansit
462 621 582 658 vetus
624 614 863 672 appellatio.
930 612 982 656 Et
1020 614 1073 658 ad
1112 614 1193 658 hoc
1233 628 1367 671 genus
1408 616 1560 660 referri

95 688 242 727 ossunt
269 680 325 726 τὰ
345 679 462 726 καθ’
496 679 696 738 ἱστορίαν
729 680 944 738 λεγόμενα
963 675 1059 725 οἷον
1089 677 1251 737 ὀβολός
1283 682 1357 726 καὶ
1386 683 1561 742 δραχμή

40 695 215 794 §chol-
237 747 360 794 Dion.
390 763 429 807 p.
455 748 579 792 1164.
614 748 762 793 δέλτοι
792 744 949 799 ἅπλῶς
979 745 1023 791 οἱ
1051 748 1199 805 βίβλοι
1231 749 1434 803 λέγονται
1464 747 1559 794 ἀπὸ

66 817 271 868 παλαιᾶς
295 813 495 874 χρήσεως
521 814 636 859 Eust.
665 816 719 859 ad
742 814 865 859 Dion.
890 830 929 873 p.
950 816 1045 859 132.
1074 814 1240 871 χάλκεα
1270 814 1478 875 συνήθως
1505 816 1562 862 τὰ

68 882 193 928 ὅπλα
222 882 373 928 καὶτὰ
400 882 448 927 ἔκ
478 880 667 942 σιδήρου
701 880 792 927 ἀπὸ
822 885 901 941 τῆς
922 885 1122 935 παλαιᾶς
1146 883 1347 943 χρήσεως
1361 884 1560 942 Apollon.

65 946 170 995 Lex.
191 951 265 1013 ³¹),
319 949 479 994 Eodem
514 949 611 994 loco
641 957 734 994 sunt
765 948 1010 1007 ἑκατόμβη,
1038 949 1193 1007 βίβλος
1224 948 1423 1007 (βύβλος)
1451 951 1564 996 liber

67 1016 248 1072 (λόπος)
275 1017 500 1070 tetrarcha,
530 1020 740 1069 centurio,
771 1018 925 1069 tribus,
956 1031 1063 1074 quae
1095 1018 1303 1061 diversam
1335 1018 1387 1061 ab
1420 1026 1559 1075 etymo

66 1084 417 1142 significationem
446 1085 614 1130 habent.
674 1084 818 1129 Schol.
848 1084 966 1127 Pind.
998 1082 1064 1127 Ol.
1094 1083 1299 1127 V11.116.
1329 1087 1465 1143 μῆλα,
1493 1089 1559 1130 in-

19 1209 22 1211 >
64 1155 164 1211 quit,
194 1154 554 1210 καταχρηστικῶς
577 1148 723 1195 πάντα
752 1151 808 1195 τὰ
833 1147 986 1206 ι’ἱλογα,
1018 1151 1243 1195 τουτέστιν
1270 1148 1363 1196 ἀπὸ
1393 1154 1561 1211 μέρους

65 1219 116 1266 τὸ
161 1222 276 1273 πᾶν,
325 1220 402 1264 sed
439 1218 706 1264 catachresin
751 1219 859 1263 tollit
901 1218 1074 1262 Photius
1119 1219 1264 1276 Μῆλα
1308 1217 1457 1264 πάντα
1501 1222 1557 1265 τὰ

65 1285 412 1346 ‘caminada-⁴³²)
451 1286 564 1331 ὅθεν
604 1285 680 1330 καὶ
717 1288 810 1330 πᾶν
851 1286 994 1343 δέρμα
1030 1284 1233 1343 μηλωτή,
1272 1287 1383 1343 quod
1422 1288 1558 1333 solum

65 1355 110 1399 in
137 1368 218 1398 usu
253 1356 460 1399 communi
498 1361 702 1397 retentum
732 1359 796 1395 est
821 1353 1028 1410 primitivo
1060 1352 1354 1407 obsoleto.³³)
1412 1354 1557 1414 Itaque

65 1421 203 1466 sicubi
241 1419 388 1481 αἶγείη
424 1419 606 1479 μηλωτή
640 1421 899 1476 legeremus,
939 1419 1044 1463 nihil
1081 1434 1224 1464 morae
1267 1420 1448 1467 afferret.
1506 1423 1558 1470 Et

15 1540 18 1543 Δ
65 1489 319 1536 homericum
337 1486 498 1546 μάρψε
518 1486 631 1532 ποσί
658 1487 863 1545 permulti,
894 1489 1054 1544 opinor,
1087 1486 1344 1532 Graecorum
1365 1490 1559 1547 legerunt

63 1554 272 1610 inoffensi,
302 1556 436 1602 donec
455 1555 727 1599 Aristarchus
750 1555 986 1612 scrupulum
1016 1556 1157 1612 injecit
1187 1554 1259 1600 ὅτι
1289 1556 1339 1601 τὸ
1371 1557 1558 1616 μάρψαι

29 271 35 287 »ι

28 297 33 330 ἐ

28 342 31 351 v

67 1623 146 1670 ἐπὶ
171 1625 325 1670 ποδῶν
355 1621 483 1676 ἔταξε
503 1622 647 1667 Schol.
664 1622 712 1666 Il.
729 1620 868 1664 XXII.
885 1622 981 1665 201.
1013 1623 1056 1666 id
1086 1625 1195 1666 enim
1225 1626 1391 1681 proprie
1424 1627 1554 1683 signi-

62 1691 191 1737 ficare
221 1690 271 1736 τὸ
301 1690 428 1748 χερσὶ
458 1691 719 1746 συλλαβεῖν·
756 1687 880 1748 μάρη
909 1689 994 1748 γὰρ
1025 1688 1051 1749 ἦ
1081 1690 1178 1749 χείρ
1209 1689 1308 1735 Sch.
1336 1690 1428 1736 XV.
1461 1695 1557 1740 137.

66 1758 155 1804 Sed
181 1758 263 1804 hoc
287 1772 441 1804 nomen
465 1772 561 1802 num
590 1757 794 1802 Homerus
827 1761 1036 1814 cognitum
1066 1757 1276 1810 habuerit,
1310 1761 1556 1817 perduhium

64 1833 154 1880 est;
182 1827 402 1871 ineruditis
433 1833 545 1870 certe
575 1833 725 1884 poetae
752 1825 982 1870 lectoribus
1011 1828 1197 1882 ignotum
1225 1826 1302 1870 fuit
1330 1840 1368 1871 v.
1398 1827 1557 1874 Parall.

63 1909 103 1953 p.
124 1894 192 1939 74.
250 1893 385 1938 Multo
407 1900 543 1937 antem
561 1893 655 1951 plus
673 1893 1013 1952 reprehensionis
1034 1893 1159 1937 habet
1176 1895 1410 1951 conjunctio
1426 1910 1556 1941 voca-

63 1961 269 2014 bulorum,
299 1974 407 2019 quae
433 1974 535 2005 usus
562 1961 754 2018 vulgaris
784 1962 982 2018 insignite
1007 1962 1217 2006 discrevit.
1277 1961 1434 2015 Qualia
1463 1973 1559 2008 sunt

64 2134 268 2172 Columella
290 2133 415 2171 dicere
439 2139 586 2180 poterat
614 2110 820 2177 mellatio,
852 2133 920 2169 sed
949 2133 1106 2169 nominis
1141 2133 1246 2179 origo
1273 2144 1346 2170 non
1372 2135 1424 2170 ita
1446 2138 1558 2172 mani-

64 2190 162 2227 festa
184 2196 242 2227 est
266 2196 306 2227 ut
329 2190 495 2226 omnibus
521 2191 643 2226 statim
667 2197 846 2227 occurrat.

153 2257 216 2304 30)
247 2262 417 2308 Τρίπουν
431 2256 613 2307 τράπεζαν
635 2258 672 2293 in
697 2269 818 2293 rerum
838 2263 971 2293 natura
989 2258 1146 2294 inveniri
1169 2265 1278 2305 negat
1291 2260 1555 2308 Aristophanes

62 2316 88 2352 l.
113 2327 144 2352 c.
172 2327 248 2351 non
272 2316 372 2354 serio
398 2315 466 2350 sed
483 2314 641 2361 jocans3
665 2325 735 2349 nec
758 2314 923 2349 Cratinus
953 2314 1058 2350 nefas
1086 2315 1187 2351 duxit
1211 2320 1389 2366 τραπέζας
1412 2331 1555 2368 τρισκε-

10 2403 14 2406 .
63 2374 139 2414 λεῖς
161 2384 342 2420 usurpare
365 2371 450 2407 Vol.
477 2370 521 2407 11.
554 2370 630 2407 117.
663 2377 784 2417 etymo
810 2372 1019 2408 obliterato.

154 2440 216 2486 31)
243 2437 413 2481 Χαλκεύς
434 2441 508 2480 πᾶς
530 2443 692 2486 τεχνίτης
709 2441 771 2474 καὶ
796 2438 814 2474 ὁ
842 2438 1098 2487 ἀργυροκόπος
1120 2442 1182 2476 καὶ
1207 2440 1226 2477 ὁ
1243 2442 1452 2490 χρυσοχόος
1462 2444 1554 2482 Hes.

0 2535 1 2554 χ
57 2495 219 2545 χαλκεύς
249 2500 412 2534 καλεῖται
437 2498 501 2532 καὶ
526 2495 544 2532 ὁ
575 2495 639 2532 τὸν
672 2497 828 2545 σίδηρον
861 2495 1105 2545 ἐργαζόμενος
1128 2498 1253 2534 Schol.
1280 2498 1321 2536 11.
1345 2500 1448 2538 XIX.
1473 2502 1553 2539 283.

0 2555 10 2589 ῐ,
65 2555 123 2591 cui
146 2555 374 2602 posteriores
402 2554 591 2602 proprium
615 2565 750 2589 nomen
777 2553 1038 2590 substituerunt
1065 2553 1244 2604 σιδηρεύς.

155 2622 219 2669 32)
243 2623 367 2660 Schol.
382 2622 539 2669 Lysistr.
564 2622 639 2658 189.
664 2620 982 2670 μηλοσφαγούσας
1005 2621 1086 2659 ἀντὶ
1111 2626 1175 2660 τοῦ
1199 2625 1552 2673 ταυροσφαγούσας·

6 2687 9 2691 ’
63 2682 96 2716 εἰ
117 2679 171 2726 μὴ
195 2677 269 2727 ἄρα
292 2683 392 2728 μῆλα
415 2678 538 2717 πάντα
565 2678 608 2716 τὰ
636 2678 856 2729 τετράποδα.

4 2732 8 2741 ,
157 2748 219 2793 33)
257 2748 308 2785 Τὸ
335 2751 455 2794 μῆλον
481 2746 665 2794 ἀσύνηθες
698 2747 747 2789 ὦς
770 2747 862 2797 πρὸς
885 2746 950 2794 τὴν
973 2752 1163 2797 σημασιάν
1186 2751 1250 2787 τοῦ
1275 2748 1483 2799 προβάτου,
1509 2753 1554 2790 οὐ

62 2805 139 2853 μὴν
162 2805 202 2843 τὸ
227 2805 298 2843 ἀπ’
328 2805 445 2843 αὐτοῦ
460 2804 703 2855 παράγωγον,
728 2808 824 2853 λέγω
844 2804 882 2842 τὸ
906 2804 1054 2854 μηλωτή
1080 2807 1200 2855 Apoll.
1217 2808 1322 2854 Synt.
1341 2807 1386 2846 11.
1402 2808 1461 2853 31,
1475 2810 1553 2847 191.
