1728 3120
59 180 63 182 ’
132 189 319 235 (halv.
365 187 436 232 DE
458 187 805 233 CONFUSIONE
828 187 1326 234 TERMINATIONUMs
1384 192 1479 238 163

83 359 94 363 „
127 317 183 348 m
211 303 349 359 redigi
377 304 524 360 possit,
548 317 631 347 non
660 304 902 347 intentatum
929 303 1097 360 reliquit
1117 302 1330 346 doctorum
1355 303 1481 347 sedu-

23 392 25 397 v
88 401 105 427 χ,
155 369 319 415 Etenim
362 370 426 414 illi
455 370 488 414 Ι.
518 368 564 414 C.
598 369 798 426 Scaliger
830 378 870 414 et
909 371 983 414 alii
1026 372 1236 428 propriam
1275 371 1478 414 onerandi

24 472 25 476 =
79 448 103 487 ῥ’
126 440 335 485 cationem
348 437 563 483 vindicant
578 437 746 482 collatis
763 438 998 482 nominihus
1017 451 1124 482 onus
1141 445 1182 481 et
1196 433 1299 490 ὄνος
1318 434 1479 495 (ἀχθο-

193 505 246 551 cf.
277 504 474 551 Doederl.
507 504 610 562 Syn.
641 504 693 548 T.
725 504 790 547 lv.
819 506 917 550 225.
959 505 1108 563 hisque
1138 507 1271 549 nostri
1298 504 1478 550 Lexico-

174 580 423 619 connectunt
463 568 574 625 ὦνος
610 572 744 616 honos
783 570 928 630 (τιμή)
969 575 1166 630 pretium,
1212 586 1238 616 a
1277 587 1358 631 quo
1395 587 1480 618 non

44 643 145 698 [um
186 641 308 686 abest
342 636 496 698 ὄνειαρ
532 641 559 683 i.
591 655 629 698 q.
665 636 844 698 ὄφελος.
903 639 990 684 Sed
1021 643 1230 684 mittamus
1269 641 1480 697 conjectu-

85 715 115 747 ‘2-
159 707 402 752 illecebras.
460 706 589 751 Verbi
619 704 744 762 ὂμόω
763 707 867 751 nihil
899 714 1010 751 extat
1029 714 1196 766 praeter
1217 709 1480 766 participium

152 791 210 828 ες,
243 775 320 820 sed
348 775 446 819 hinc
464 774 740 833 proficiscitur
769 775 947 819 futurum
969 772 1138 829 ὄμόσω,
1168 776 1348 819 medium
1377 789 1479 820 vero

44 850 72 894 ἲ,
137 859 198 893 αι,
228 838 341 898 ὀμεῖ,
371 839 551 898 ὀμεῖται
579 856 663 887 non
693 855 744 886 ex
776 838 1004 896 ὀμόσομαι
1036 849 1292 886 contractum
1321 850 1407 895 est,
1437 851 1480 887 ut

91 911 192 954 'ae
231 916 376 954 censet
411 909 448 965 ξ.
479 909 576 953 181.
608 924 647 967 p.
674 909 772 953 405.
817 909 893 953 sed
933 908 986 952 ab
1022 908 1228 952 ineffabili
1266 913 1479 966 praesenti

44 986 52 1035 ζ
77 999 79 1001 ’
114 983 159 1022 ut
186 971 304 1034 νέμω
329 978 560 1032 νεμοῦμαι.
611 974 757 1020 Ἀλόω
785 975 836 1019 τὸ
869 978 1019 1033 κρατῶ
1044 974 1147 1019 Lex.
1175 975 1226 1020 de
1253 975 1363 1034 Spir.
1379 978 1478 1021 209.

75 1066 112 1092 ,ιι
154 1052 219 1090 est
249 1057 301 1089 ex
331 1044 514 1102 obliquis
545 1040 778 1098 ἁλώσομαι
803 1050 880 1087 etc.
911 1057 947 1086 v.
967 1041 1081 1087 Diss.
1101 1042 1152 1085 II.
1184 1043 1220 1099 ς.
1240 1044 1281 1088 3.
1306 1045 1383 1088 sed
1413 1052 1481 1089 sat

45 1108 50 1120 ‘
88 1114 186 1158 iosa
218 1111 384 1159 videtur
410 1110 647 1155 Buttmanni
688 1113 830 1168 opinio
872 1124 963 1154 cum
1001 1110 1082 1154 hoc
1117 1111 1248 1156 verbo
1288 1114 1479 1157 sumendi

46 1186 248 1244 ‚jmctum
275 1192 372 1223 esse
394 1173 573 1222 ἇναλόω
599 1191 810 1222 consumo.
871 1176 959 1222 Nec
988 1177 1212 1234 negabitur
1240 1175 1410 1225 ἁλῶναι
1440 1188 1480 1225 et

25 1252 51 1305 ‚j
79 1259 90 1298 ζ
129 1253 288 1292 tantum
310 1248 421 1291 inter
448 1260 495 1290 se
515 1246 798 1290 similitudinis
828 1245 985 1289 habere
1014 1252 1056 1289 ut
1075 1259 1149 1303 pro
1180 1248 1372 1303 cognatis
1402 1248 1479 1293 ha-

47 1315 283 1373 (possint.
334 1311 470 1358 Ἐνόω
497 1326 624 1372 supra
651 1314 887 1370 reJecimus.
945 1312 1009 1356 De
1040 1313 1105 1356 his
1138 1314 1320 1359 breviter
1356 1330 1479 1373 pero-

26 1365 52 1384 ⁸
150 1395 248 1427 esse
277 1383 411 1440 potuit
437 1381 515 1426 sed
541 1382 730 1439 sequitur
758 1384 949 1438 quaestio
981 1383 1208 1427 sinuosior.

599 1561 631 1605 C
649 1562 688 1606 A
704 1562 748 1604 P.
793 1560 859 1604 IV.

263 1732 642 1799 §vagationis
685 1731 1188 1796 circumflexam

56 1850 59 1858 ⁹
99 1848 139 1904 §-
171 1846 210 1890 l.
270 1846 383 1900 Quid
417 1848 471 1890 sit
500 1859 574 1891 cur
602 1843 757 1889 Graeci
790 1858 816 1888 a
849 1842 975 1902 φωνή
1005 1844 1273 1901 produxerint
1311 1845 1483 1890 verbum

42 1901 60 1947 ·.'
111 1930 161 1966 ω,
199 1913 252 1958 ab
273 1909 390 1972 αὐδή
419 1927 521 1958 vero
545 1909 698 1958 αὗδάω
728 1919 769 1956 et
797 1913 890 1969 pari
910 1912 1211 1969 inaequalitate
1243 1925 1270 1956 a
1301 1913 1483 1958 δεῖπνον

52 2004 77 2031 ,μ
120 1981 194 2035 έω,
229 1995 259 2026 a
284 1978 457 2038 δόρπον
485 1980 686 2037 δορπέω,
718 1980 793 2024 sed
825 1979 878 2023 ab
909 1974 1094 2037 ἄριστον
1126 1975 1327 2036 ἆριστάω
1358 1987 1410 2032 et,
1440 1988 1484 2024 ut

39 2051 60 2111 ¹.
85 2062 183 2096 erse
211 2049 348 2094 dicam
365 2082 376 2100 ‚
411 2060 518 2106 quas
547 2047 668 2103 leges
699 2049 906 2092 sermonis
935 2047 1150 2103 genitores
1189 2047 1232 2089 in
1260 2049 1372 2090 omni
1401 2047 1482 2092 hac

43 2171 74 2197 ‘³
95 2197 237 2243 *posse
255 2184 338 2229 hoc
367 2185 503 2227 minus
523 2182 767 2227 confidimus
798 2197 879 2240 quo
900 2182 1158 2238 frequentius
1185 2181 1334 2225 eadem
1351 2183 1484 2227 verba

56 2246 75 2269 ²
102 2251 239 2296 solum
269 2253 314 2295 in
348 2250 447 2295 aliis
467 2250 662 2294 dialectis
693 2250 816 2293 aliter
849 2248 1003 2293 inflecti
1025 2249 1102 2292 sed
1131 2251 1257 2292 etiam
1288 2249 1341 2292 ab
1370 2251 1484 2306 ejus-

53 2325 73 2357 ‘1
115 2326 258 2364 sectae
286 2318 423 2376 poetis
445 2317 500 2361 ad
531 2330 620 2368 eas,
652 2330 756 2374 quas
774 2317 857 2360 sihi
887 2318 1062 2374 quisque
1092 2317 1377 2360 constituisset
1406 2331 1484 2361 nu-

37 2393 56 2399 ”
90 2400 199 2432 mum
232 2386 374 2443 leges,
411 2386 530 2429 varie
571 2384 882 2428 accommodari
917 2385 1118 2428 videmus.
1180 2382 1268 2427 Sed
1307 2384 1358 2428 de
1391 2385 1483 2428 dia-

32 2446 106 2493 0¹:
153 2467 262 2512 quae
293 2447 474 2497 dicenda
503 2459 618 2504 sunt,
648 2452 849 2496 Ahrensii
883 2452 1031 2496 doctae
1063 2451 1279 2496 sollertiae
1309 2465 1483 2497 reservo

40 2519 98 2573 ζμ,
130 2535 170 2574 a,
198 2527 414 2580 poetarum
433 2527 569 2564 autem
599 2527 755 2577 quanta
784 2520 908 2563 fuerit
932 2519 1109 2562 libertas
1140 2518 1370 2563 declarabo
1399 2534 1482 2565 uno

32 2560 181 2663 {inple
211 2590 387 2647 repetito
410 2602 438 2632 a
466 2601 646 2633 caesura
674 2602 822 2632 versus
852 2587 1012 2631 heroici
1034 2599 1088 2629 ea
1118 2599 1225 2643 quae
1256 2587 1484 2643 spondeum

35 2663 118 2700 ”t
148 2660 193 2700 in
220 2656 326 2714 pede
357 2652 741 2713 quarto—dolam]
774 2654 958 2710 φαίνετο
988 2652 1139 2710 βουλή.
1201 2652 1277 2696 Hic
1307 2654 1484 2710 spondei

40 2722 88 2786 ᾗ.
121 2737 320 2783 perquam
351 2723 548 2781 frequens
579 2730 642 2767 est
673 2723 748 2766 sed
780 2730 919 2766 tamen
948 2728 1097 2779 poetae
1134 2723 1381 2778 praesertim
1409 2735 1484 2779 po-

53 2787 194 2837 ''ores
212 2790 294 2836 hoc
323 2790 420 2835 loco
451 2803 580 2847 saepe
609 2790 740 2834 verba
770 2791 928 2847 primae
965 2789 1272 2844 conjugationis
1303 2803 1410 2846 quae
1442 2791 1484 2832 in

1122 2856 1171 2897 ll
1188 2858 1205 2878 *
