1728 3120
241 184 340 231 322
658 171 1123 220 DISSERTATIO
1166 172 1286 218 xlx.
1371 186 1373 189 ⁴
1467 179 1474 211 ,τ

241 291 417 337 rationis
446 286 663 332 intercedit
692 286 803 343 quod
831 287 939 330 inter
951 280 1181 344 ’Ἀτροπος
1209 293 1251 331 et
1272 281 1611 343 ’Awonai-Sch
1638 286 1701 332 Od

240 358 328 402 Vll.
345 356 441 400 197.
485 349 647 408 Βριθώ
673 352 878 410 nymphae
899 366 1048 397 nomen
1072 352 1172 397 Sch.
1191 352 1289 398 Hes.
1311 350 1524 410 Oppcm
1551 357 1701 407 (omiss

242 428 286 469 in
317 423 417 477 Th.)
452 427 493 464 et
520 417 694 464 Σθεινώ
727 433 754 463 a
780 419 910 464 verbo
940 427 980 463 et
1009 433 1036 464 a
1063 421 1229 464 nomine
1265 419 1437 478 paribus
1466 422 1621 479 ‘gratiis
1653 422 1691 464 dzi

242 498 372 542 stant3
415 485 546 543 Βρυιό
590 500 616 530 a
644 484 766 543 βρύω
797 499 880 531 non
916 487 1084 543 longius
1119 487 1238 531 abest
1275 500 1396 544 quam
1426 485 1636 547 ιι-βρύον,
1676 503 1699 529 e

241 557 516 603 masculinum
551 566 712 610 quoque
742 555 943 610 reperitur
972 554 1044 597 sed
1077 554 1309 611 copulatum
1334 550 1565 610 ,Ἀμβρύων
1591 553 1703 610 Diog·

241 626 320 670 La.
347 624 395 667 V.
422 623 487 666 ll.
546 620 685 663 Utrum
715 618 863 676 Κρινώ
896 627 936 664 et
963 619 1137 677 Κρινών
1171 624 1228 676 (et
1251 619 1406 678 Κρίνις
1433 621 1698 678 sivh'in'vut

244 708 270 739 a
290 690 421 749 κρίνω
452 694 685 747 propagata
714 688 794 730 sint
825 700 878 731 an
899 700 924 730 a
945 685 1089 742 κρίνον
1113 693 1154 730 ut
1176 701 1202 731 a
1231 685 1457 744 κορίαννον
1470 686 1702 744 Κοριαννώ

244 758 378 820 ῥόδον
409 753 566 806 Ῥοὸώ,
606 767 690 798 non
729 760 822 797 ante
848 754 1028 809 J'udicari
1066 761 1200 811 potest
1237 767 1358 811 quam
1385 755 1428 796 in
1463 753 1690 801 carminibu

243 831 410 884 reperta
425 823 587 866 suerint.
646 819 812 868 Eorum,
844 833 951 876 quae
977 820 1141 864 literam
1158 820 1566 864 futuridisoretivam
1576 827 1692 864 osten

245 895 355 943 dunt,
389 891 477 934 alia
505 888 720 943 subjuncta
745 894 837 930 sunt
856 888 1163 943 andronymicis
1182 886 1368 944 Κτήσων
1396 885 1570 943 Ismeni,
1592 884 1718 932 Ἀλε-

245 958 330 1013 ξών
346 954 511 1008 Ἀλεξώ
528 963 605 998 etc⁴
621 969 658 997 v.
675 954 785 997 Keil.
801 954 943 998 Anall.
961 955 1054 998 141.
1073 955 1160 998 alia
1175 953 1522 1010 incomparabilia
1527 951 1704 1010 Ἠγησαῖ

243 1021 463 1081 Καλυψώ,
497 1020 698 1072 ΖΙἸελιξώ,
728 1021 919 1076 syntheta
943 1018 1137 1065 Εὗὸωσώ
1167 1028 1207 1065 et
1235 1018 1490 1077 Περιβασώ,
1518 1021 1627 1078 quod
1656 1034 1702 1064 es

243 1092 420 1137 Veneris
450 1088 657 1146 epitheton
682 1088 918 1130 ludricrum.
975 1087 1105 1143 Hujus
1130 1096 1252 1131 notae
1272 1088 1400 1131 multa
1422 1087 1592 1140 contulit
1613 1084 1719 1132 Passs

246 1162 388 1205 sevius
418 1159 461 1200 in
491 1154 642 1212 Opusc.
670 1169 708 1211 p.
737 1155 831 1197 115.
874 1154 925 1196 ad
957 1154 1211 1210 probandum
1246 1167 1395 1198 nomen
1423 1153 1583 1199 Δωσώ.
1645 1154 1718 1198 Sic

246 1228 354 1271 enim
383 1226 427 1267 in
455 1222 503 1267 H.
535 1221 584 1265 H.
615 1222 657 1263 in
688 1219 780 1263 Cer.
813 1221 906 1263 122.
944 1221 1015 1264 ubi
1046 1221 1174 1264 Ceres
1200 1222 1319 1264 deam
1357 1221 1624 1265 dissimulans
1655 1222 1720 1265 lo-

247 1296 394 1352 quitur,
424 1288 686 1334 scribendum
715 1300 810 1330 esse
841 1300 914 1342 pro
933 1285 1037 1336 Λιὺς
1069 1284 1216 1342 ἔμοιγ’
1252 1283 1390 1340 ὄνομ’
1420 1285 1528 1339 ἐστι’,
1559 1292 1624 1331 cui
1644 1288 1718 1331 alii

245 1360 399 1417 Δωρίς
425 1357 493 1402 vel
523 1353 631 1412 Δηώ
662 1354 923 1404 substituunt,
955 1353 1029 1396 sed
1059 1355 1148 1396 veri
1178 1354 1355 1397 similius
1382 1354 1545 1398 videtur
1571 1353 1719 1399 Δωσώ

244 1428 314 1473 vel
343 1422 500 1482 Λωρώ.
558 1422 674 1465 Haec
696 1424 821 1477 igitur
849 1420 983 1463 futuro
1015 1421 1250 1464 assimilata
1277 1421 1465 1471 dicimus,
1493 1420 1570 1463 illa
1596 1434 1720 1478 prae-

246 1495 352 1538 senti
392 1491 572 1535 caeteris
607 1487 860 1545 temporibus
903 1486 1098 1529 exclusis,
1163 1486 1268 1531 Nam
1307 1487 1415 1544 quod
1453 1486 1720 1531 Muetzellius

244 1576 283 1619 p.
315 1560 408 1603 150.
450 1563 564 1615 putat
599 1553 811 1599 Τελεσθιό
848 1553 901 1596 ab
941 1556 1098 1598 aoristo
1135 1555 1400 1612 τελεσθῆναι
1437 1553 1616 1598 derivari
1645 1568 1721 1612 po-
1727 1603 1728 1608 ,

244 1630 391 1677 tuisse,
422 1638 506 1667 non
537 1622 811 1680 probaverim,
843 1621 918 1664 sed
950 1628 1014 1664 est
1042 1633 1296 1678 paronymon
1323 1619 1392 1664 vel
1421 1633 1448 1663 a
1469 1613 1728 1673 Τελεσθεύς

245 1702 288 1738 ut
317 1687 581 1741 Μενεσθεύς
613 1685 839 1732 Μενεσθώ
869 1688 937 1732 vel
970 1701 996 1731 a
1018 1685 1234 1744 Τελεστής
1263 1700 1355 1731 cum
1383 1687 1591 1733 metabole
1621 1701 1728 1732 con·

247 1761 481 1806 sonantium
510 1770 550 1801 v.
581 1755 729 1799 Lehrs.
755 1754 986 1799 Aristarcb.
1006 1754 1102 1798 310.
1161 1754 1226 1797 Ab
1255 1753 1322 1797 his
1349 1754 1637 1810 transgredior
1666 1755 1722 1799 ad

245 1828 407 1872 urbium
429 1823 650 1874 vocabula,
679 1825 722 1866 in
752 1821 900 1878 quibus
922 1823 1101 1865 eminent
1120 1821 1368 1878 Aegyptiae,
1395 1834 1478 1864 non
1502 1820 1604 1865 illae
1622 1821 1728 1865 barn.

244 1896 347 1939 hare
388 1892 623 1950 appellatae
662 1896 704 1932 ut
735 1886 896 1943 Ἐλβώ,
935 1886 1109 1937 Noc-965,
1154 1885 1405 1942 Ταχομψώ,
1445 1888 1519 1931 sed
1549 1901 1722 1945 quorum

245 1974 403 2017 graeca
433 1966 495 2002 est
522 1957 805 2012 interpretatio
838 1968 911 1996 seu
942 1968 1044 1997 vera
1071 1968 1147 1997 seu
1180 1955 1487 1997 commenticia:
1519 1953 1645 1998 Κυνώ
1679 1956 1721 1999 id

246 2034 311 2072 est
338 2023 602 2073 Κυνόπολις,
632 2019 774 2064 Λυκώ
804 2034 878 2076 pro
910 2021 1197 2070 Λυκόπολις,
1227 2020 1492 2063 Afrodito—
1505 2020 1722 2065 Afrodito-

246 2094 355 2152 polis
385 2106 423 2136 v.
463 2088 716 2143 Wesseling.
757 2087 810 2130 ad
846 2085 982 2128 Itiner.
1022 2086 1171 2129 Anton.
1206 2099 1244 2142 p.
1276 2085 1369 2128 168.
1427 2085 1544 2130 Haec
1582 2094 1720 2132 tamen

247 2162 335 2206 alia
369 2160 441 2203 via
478 2156 662 2201 derivari
696 2154 880 2211 potuisse
915 2153 1132 2197 ostendunt
1168 2150 1340 2232 Eufebii
1375 2152 1529 2205 verba,
1569 2154 1725 2209 quibus

243 2226 552 2280 Wesselingius
579 2225 704 2266 utitur
735 2221 788 2264 ad
817 2219 998 2262 Hierocl.
1023 2233 1062 2276 p.
1086 2218 1182 2262 725.
1213 2214 1305 2263 ἀπὸ
1333 2221 1416 2262 τοῦ
1442 2187 1618 2272 Mo'nog
1642 2220 1728 2279 τὴν

244 2290 445 2343 Λεοντώ,
478 2288 569 2335 ἀπὸ
604 2288 652 2333 δὲ
675 2291 755 2331 τοῦ
779 2285 908 2336 κυνὸς
935 2284 1012 2343 τὴν
1033 2282 1174 2334 Κυνώ,
1205 2298 1375 2341 quorum
1404 2284 1469 2328 illi
1486 2283 1728 2347 Xenophon!

244 2361 396 2419 Ephes.
421 2357 488 2401 IV.
520 2356 559 2399 l.
597 2368 671 2412 per
703 2355 1001 2410 appositionem
1034 2352 1218 2408 adjungit
1249 2365 1399 2396 nomen
1424 2355 1603 2408 generis
1642 2349 1728 2404 32⁷1AE

245 2426 430 2472 Λεοντώ
456 2422 656 2481 ἔρχονται
685 2419 830 2465 πόλιν.
888 2418 939 2462 Et
967 2418 1255 2464 nonnullorum
1281 2421 1514 2463 terminatio
1545 2419 1728 2477 duplex-t

246 2490 486 2543 Βουτός-
502 2489 702 2534 ἐκαλεῖτο
743 2486 817 2531 καὶ
845 2483 1003 2530 Βουτώ
1036 2484 1178 2542 Steph.
1211 2483 1375 2529 Καυδώ
1403 2486 1542 2530 insula
1572 2488 1728 2531 eadem

247 2556 427 2609 Καυδός
444 2557 511 2600 vel
532 2560 572 2598 Γ
569 2553 716 2607 αυόος
746 2550 931 2603 Κοπτός
958 2551 1096 2596 Strab.
1126 2549 1293 2596 Κοπτώ
1323 2551 1528 2597 Plutarch.
1566 2551 1728 2611 Θραμ-ιὲ,

243 2631 324 2682 βος
352 2632 394 2669 ut
422 2622 705 2677 Wesselingio
737 2620 899 2665 videtur
927 2619 980 2663 ad
1008 2617 1159 2662 Herod.
1178 2617 1265 2661 Vll.
1286 2619 1381 2662 123.
1413 2626 1455 2663 et
1485 2617 1728 2686 Θεραμβώιξ

246 2693 355 2750 quod
379 2704 596 2749 perperam
620 2685 841 2743 Θεράμβω
869 2688 1061 2743 scriptum
1092 2691 1167 2736 est,
1200 2682 1385 2740 Lycasto
1415 2699 1490 2742 pro
1511 2679 1728 2756 Lycastus

245 2762 287 2802 in
303 2759 490 2803 omnibus
508 2756 723 2811 Pomponii
738 2753 880 2798 Melae
897 2753 1016 2797 codd.
1031 2766 1069 2795 v.
1088 2751 1323 2796 Tzschuck.
1338 2750 1430 2799 Vol
1447 2750 1557 2798 11.P.
1575 2740 1728 2798 159911
