1728 3120
249 200 342 246 144
695 190 1154 237 DISSERTATIO
1202 194 1264 237 VI.

243 315 359 353 vetur
399 304 501 349 ordo
541 305 886 358 conjugationum.
946 303 1142 362 Incipiam
1183 308 1308 362 igitur
1338 320 1364 350 a
1401 309 1526 365 puris.
1581 306 1706 367 Ἡρα

244 373 417 427 κλείόης
448 369 581 427 φησὶν
609 368 681 413 ὅτι
711 365 777 413 ἔω
807 369 855 412 τὸ
888 370 1007 414 πνέω
1037 373 1123 414 τῶν
1148 370 1402 428 βαρυτόνων
1432 371 1526 420 ἐστὶ
1563 375 1638 419 καὶ
1665 360 1709 420 οῚ

243 433 843 495 περισπώμενον-ἑτέρωθι
873 435 921 479 δὲ
939 434 1010 480 ὅτι
1033 433 1378 495 ἀμφισβητεῖται
1407 439 1519 484 κατὰ
1539 441 1615 484 τὸν
1643 442 1692 486 τό.

243 523 316 550 νον
341 502 596 553 Eust.1625‚
621 502 690 544 55.
720 501 943 559 Postquam
971 515 1045 560 pro
1075 505 1314 561 imperfecto
1346 503 1465 550 διάει
1491 508 1536 550 in
1563 506 1703 563 odyss

242 573 370 617 scribi
401 576 587 626 coeptum
618 575 681 612 est
711 565 837 626 διάη,
869 569 986 612 verbi
1014 571 1311 627 perispomeni‚
1341 573 1457 628 cnjus
1488 586 1539 616 ex
1569 574 1710 618 simili

240 640 379 683 tudine
404 649 604 694 expressa
622 641 712 678 sunt
740 631 863 692 ἄημι,
895 634 1187 692 καταήσομαι,
1219 633 1359 694 ἅησις,
1387 634 1561 692 ἀετμός,
1589 643 1708 684 vesti¹

241 709 354 763 gium
376 709 563 762 superest
579 701 747 745 nullum.
800 700 912 746 Ἀέω
938 702 1096 745 dormio
1117 704 1154 746 si
1174 705 1307 747 doctis
1340 705 1427 748 illis
1457 705 1716 758 innotuisset,

243 776 349 831 Apio
380 779 420 815 et
450 771 578 814 ceteri
610 783 692 812 non
719 782 769 812 eo
800 768 1068 812 aberrassent
1097 776 1139 812 ut
1168 767 1299 814 ἀέσαι
1331 771 1400 815 vel
1427 784 1480 814 ex
1508 766 1642 816 αὗσαι
1671 774 1699 815 it

241 848 304 885 est
342 837 497 883 ἰαῦσαι
535 836 773 879 distractum
809 836 877 878 vel
917 849 1007 878 cum
1043 835 1166 892 alpha
1203 838 1405 893 privativo
1446 840 1717 894 compositum

242 909 427 952 dicerent
466 902 577 947 κατὰ
612 901 816 958 στέρησιν
858 905 938 946 τοῦ
976 900 1075 945 ἕσαι
1114 903 1310 959 Apollon.
1347 903 1449 948 Lex.
1487 910 1527 947 et
1556 905 1715 951 Anecd.

239 974 376 1019 Bekk.
394 970 489 1015 348.
526 968 878 1021 Quemadmodum
904 981 930 1010 a
958 967 1040 1011 νέω
1071 976 1209 1012 natum
1239 977 1302 1014 est
1328 971 1452 1028 νηέω,
1482 973 1545 1014 sic
1575 971 1715 1016 3350,

241 1047 382 1099 specto
411 1039 506 1081 duci
535 1038 664 1094 potuit
682 1035 819 1091 θηέω,
849 1034 1046 1089 θηέομαι
1075 1041 1114 1077 et
1144 1036 1329 1079 doricum
1357 1034 1576 1094 θαήομαι,
1605 1038 1721 1094 quom

243 1106 386 1151 Schol.
418 1104 597 1147 Theocr.
615 1101 646 1144 Ι.
665 1101 734 1144 56.
766 1115 817 1144 ex
847 1100 964 1144 θεέω
996 1114 1240 1145 conversum
1270 1103 1381 1155 dicit,
1406 1110 1446 1146 et
1474 1102 1570 1147 hinc
1602 1111 1723 1148 certc'

238 1173 417 1232 pendent
452 1169 594 1214 Θεείω
631 1165 850 1222 θαυμάζω
882 1166 998 1210 Suid.
1036 1181 1087 1211 ex
1114 1177 1237 1224 poeta
1267 1171 1410 1226 epico⁷
1449 1171 1532 1214 nisi
1572 1171 1728 1224 fallor„

239 1243 542 1298 depromptum,
581 1242 621 1278 et
649 1236 798 1278 θειοῖο
827 1233 874 1276 Il.
906 1232 1065 1276 XXIV.
1093 1234 1188 1277 418.
1220 1248 1294 1291 pro
1324 1249 1405 1292 quo
1433 1251 1542 1280 nunc
1574 1227 1728 1294 θηοῖο,

238 1309 391 1352 editum
419 1311 483 1348 est
509 1303 746 1346 homericae
777 1301 1064 1344 consuetudini
1100 1304 1424 1346 convenientius.
1484 1302 1571 1347 Sed
1602 1304 1721 1348 idem

239 1377 364 1419 etiam
399 1382 656 1429 paronymon
696 1368 779 1411 dici
816 1367 914 1410 licet
954 1380 980 1410 a
1018 1365 1106 1411 θεά
1146 1369 1375 1412 derivatum
1413 1376 1455 1414 ut
1495 1370 1548 1414 ab
1588 1367 1728 1422 ἔλεος.

238 1443 361 1487 ἐλεῶ.
386 1475 388 1477 ,
417 1437 561 1494 quue
581 1435 746 1478 dubium
775 1434 818 1476 fit
847 1441 979 1476 utrum
997 1434 1197 1487 θαέομαι
1225 1448 1275 1478 ex
1291 1433 1468 1489 θάομαι
1497 1443 1629 1481 ortum
1659 1439 1712 1480 sit

238 1523 294 1553 an
311 1521 363 1551 ex
382 1505 639 1549 substantivo
670 1501 889 1545 obliterato
909 1498 1003 1557 θάη
1027 1500 1095 1544 vel
1110 1499 1229 1552 θάος
1255 1508 1295 1544 et
1314 1501 1521 1545 consimili
1547 1505 1708 1547 ratione

237 1590 264 1619 a
301 1574 392 1618 θέα
428 1570 644 1623 θεάομαι.
710 1567 831 1619 Quod
867 1566 1167 1610 Markscheffel
1201 1568 1329 1611 edidit
1364 1570 1409 1612 in
1444 1567 1614 1614 Hesiod.
1644 1569 1709 1614 Fr.

235 1638 438 1685 CCXLII.
467 1636 563 1679 383.
595 1637 784 1690 ποταμῷ
812 1632 979 1691 ῥεέοντι
1011 1630 1190 1692 ἐοικώς,
1220 1648 1302 1678 11011
1334 1635 1395 1678 ita
1419 1634 1573 1691 legitur
1601 1637 1709 1693 apud

234 1709 427 1752 Servium
455 1703 531 1746 sed
558 1702 702 1759 ῥέοντι
731 1701 773 1743 id
809 1706 871 1742 est
900 1697 1080 1757 ῥείοντι,
1118 1706 1158 1742 et
1186 1699 1420 1757 ρεούμενος
1457 1703 1501 1745 111
1537 1703 1708 1746 oraculo

231 1774 385 1818 Herod.
414 1785 497 1815 non
539 1783 564 1812 a
595 1769 727 1826 ῥεέω,
768 1767 876 1823 quod
905 1765 1114 1809 Matthiae*
1138 1770 1311 1810 assumit
1341 1767 1520 1811 Gramm,
1550 1768 1580 1813 I.
1610 1769 1706 1812 649.

231 1842 472 1886 inclinatum
503 1843 588 1886 est,
627 1848 724 1878 nam
760 1834 856 1876 hinc
888 1831 1116 1890 ῥεεύμενος
1143 1833 1278 1885 fieret,
1322 1835 1397 1878 sed
1427 1837 1546 1878 metri
1576 1849 1708 1879 causa

230 1908 469 1966 productum
505 1910 548 1946 ut
583 1898 899 1955 μαχεούμενος,
941 1899 1049 1955 quod
1078 1898 1346 1944 Buttmannus
1374 1902 1414 1944 ei
1445 1902 1614 1945 confert.
1650 1927 1706 1934 -

231 1974 375 2017 Schol.
404 1971 451 2013 ll.
480 1967 638 2011 XXIII.
657 1966 753 2009 475.
795 1964 889 2008 ἔστι
929 1965 1008 2008 ὀίω
1037 1964 1333 2021 βαρυνόμενον
1374 1966 1448 2011 καὶ
1475 1966 1708 2024 περισπώ-

228 2056 359 2095 μενον
388 2035 515 2080 ἔνθεν
544 2034 593 2077 τὸ
625 2034 749 2087 δίημι
779 2030 946 2086 ἐγένετο
978 2037 1017 2072 et
1045 2030 1140 2073 EM.
1159 2033 1255 2083 273,
1286 2033 1352 2075 12.
1391 2029 1481 2077 ἀπὸ
1514 2036 1594 2078 τοῦ
1623 2035 1704 2078 διῶ

228 2106 394 2164 γίνεται
423 2099 691 2158 παράγωγον
715 2096 850 2153 δίημι,
882 2097 958 2139 sed
982 2098 1299 2153 perispomenon
1323 2099 1375 2140 ab
1399 2112 1477 2142 usu
1493 2100 1704 2156 repulsum

229 2180 293 2217 est
326 2185 365 2215 v.
395 2168 507 2211 Diss.
538 2165 613 2209 XI.
645 2166 735 2220 §.2
781 2162 831 2206 Et
868 2164 1098 2220 praesentis
1143 2161 1218 2215 ἶιῦ,
1263 2165 1372 2220 quod
1410 2167 1562 2209 usitato
1602 2165 1701 2222 ἵημι

225 2237 521 2297 praestruitur,
550 2231 750 2288 ¹exempla,
778 2230 895 2291 nulla
919 2232 999 2273 nisi
1031 2229 1157 2272 dubia
1183 2230 1251 2273 vel
1278 2232 1456 2275 novitia:
1481 2228 1702 2289 ’.Ἀναυρος

229 2305 288 2351 ἶεῖ
324 2299 660 2358 μεγαλόβρθμθν
702 2297 822 2355 {5an
865 2295 989 2354 Orph-
1017 2295 1234 2352 Arg-465·
1292 2299 1439 2341 Συνιεῖ
1473 2300 1567 2341 νοεῖ
1601 2297 1700 2342 Hes.

228 2373 390 2417 συνιεῖν
427 2367 536 2425 quod
572 2365 781 2421 Bergkius
822 2365 986 2421 scripsit
1014 2363 1203 2418 Theogn.
1229 2363 1351 2406 1237.
1389 2377 1463 2420 pro
1497 2364 1700 2415 συνιδεῖν,

228 2436 378 2494 ἇφιεῖν
409 2442 448 2478 et
479 2435 655 2476 καθιεῖν
685 2431 827 2475 Schol.
858 2431 985 2473 Arist.
1004 2428 1219 2486 qu.282.
1250 2435 1290 2472 et
1316 2428 1414 2472 428.
1447 2429 1524 2473 sed
1548 2431 1700 2486 imper.

225 2507 377 2549 fectum
405 2500 499 2544 ‘lovv
529 2499 691 2542 abunde
711 2499 967 2541 auctoritatis
995 2496 1133 2539 habet.
1192 2494 1416 2550 Singulare
1434 2495 1698 2539 Doriensjum

223 2579 287 2616 est
317 2567 411 2614 Οἶῶ·
431 2572 467 2619 ¹)
520 2567 647 2616 Bvffi,
688 2567 830 2619 βυδῖςν
860 2566 959 2618 βυεῖ
980 2561 1076 2605 ΕΜ.
1106 2561 1224 2604 affert
1247 2562 1489 2606 mendosam
1516 2562 1697 2606 fortasse

319 2674 353 2716 l)
388 2670 589 2706 Ahrensius
612 2667 707 2703 Dial.
734 2666 825 2702 Dor.
851 2664 929 2699 350.
962 2663 1077 2700 verba
1101 2673 1183 2697 mea
1209 2674 1282 2698 non
1306 2667 1405 2699 recte
1426 2664 1694 2710 interpretatur.

231 2731 304 2765 Οῑῶ
318 2740 391 2763 non
410 2738 454 2761 ex
468 2723 638 2771 οἰήσομαι
651 2726 872 2758 contractum
889 2719 974 2763 dixi,
994 2718 1060 2754 sed
1072 2718 1142 2754 hoc
1155 2725 1190 2754 et
1214 2718 1343 2766 οῖητής,
1367 2722 1509 2766 ozms'ov
1523 2719 1693 2765 Ap0110n,

229 2787 331 2831 Synt.
355 2784 417 2818 IV.
447 2782 501 2824 10,
523 2780 601 2816 327.
627 2780 673 2815 ad
698 2781 780 2815 οῖέω
806 2777 921 2813 retuli.
938 2775 1039 2820 quasi
1062 2775 1190 2810 thema.
