1728 3120
240 176 337 223 334
669 167 1134 214 DISSERTATIO
1179 170 1277 216 XX.

237 283 338 334 774,
367 281 436 324 42.
472 277 495 322 ὁ
526 277 727 337 Σώφρων
762 276 1000 337 ὕγιιότερον
1041 281 1176 339 λέγων
1219 281 1360 328 ἑκοντὶ
1395 281 1621 344 mave
1659 302 1683 330 τ’

238 347 404 394 ἄκακον
443 349 522 403 τῆς
550 346 798 402 γυναικείας
837 344 1068 404 ἑρμηνείας
1103 344 1687 410 μιμησάμενοςμεὸρῑτρόπρ

237 414 363 460 κάκεῖ
412 410 625 472 (κᾷκεῖνο)
675 411 924 458 ε’σολοίκισε
970 415 1261 468 τατωμένα
1307 418 1413 461 τοῦ·
1435 420 1698 469 Ὡπ-θῶνος

236 483 387 525 Verum
426 493 505 536 quo
542 479 789 523 insolentior
824 480 946 524 nobis
980 481 1085 526 haec
1119 481 1282 526 videtur
1317 484 1435 527 visus
1455 490 1513 528 nt
1545 485 1683 529 auditu

237 549 450 596 confusio,
490 546 569 589 hoc
610 547 741 588 minus
780 547 999 591 molestiae
1032 548 1216 592 exhibuit
1256 550 1435 607 antiquis
1461 558 1710 607 graecorum

234 623 447 673 poetarum
466 612 819 670 explanatoribus,
849 616 919 671 qui
950 615 1135 672 plurimis
1165 617 1208 659 in
1225 615 1333 660 locis
1365 611 1563 663 adnotant
1580 619 1711 663 verba

235 682 440 726 sentiendi
475 688 514 724 et
550 682 658 724 inter
693 694 739 723 se
780 687 820 723 et
861 695 953 724 cum
981 682 1122 726 verbis
1160 683 1444 738 cognoscendi
1463 688 1709 742 permutari,

232 750 356 806 idque
389 749 495 792 adeo
527 748 581 797 ad
615 755 802 791 ornatum
840 750 1042 792 orationis
1070 751 1276 806 pertinere
1306 757 1350 793 ut
1382 751 1586 796 interdum
1614 766 1710 810 spe-

233 820 321 860 cies
360 829 434 874 pro
469 817 609 871 specie
647 814 716 858 vel
751 828 825 871 pro
863 829 1018 871 genere
1058 815 1243 873 ponatur.
1301 815 1390 861 Sed
1430 830 1510 875 quo
1553 819 1708 864 clarius

235 885 369 928 onmis
396 896 538 926 eorum
565 884 672 925 ratio
703 884 990 940 perspiciatur,
1020 891 1203 941 repetam
1227 882 1368 941 paullo
1399 884 1538 929 altius.
1593 884 1707 943 Ergo

235 952 289 995 ad
321 949 472 1005 Odyss.
492 947 550 992 X.
577 949 646 992 82.
679 951 871 1006 scriptum
903 951 1132 1009 invenimus
1161 964 1311 994 nomen
1339 947 1510 1009 ποιμήν
1530 955 1709 1009 positum

234 1031 331 1062 esse
354 1019 708 1073 καταχρηστικῶς
730 1023 799 1059 aut
827 1030 901 1073 pro
931 1015 1146 1071 βουκόλος
1164 1017 1244 1061 hoc
1263 1023 1327 1061 est
1346 1030 1400 1061 ea
1425 1017 1571 1074 figur-a,
1601 1033 1707 1076 quae

231 1091 405 1130 vocatur
424 1078 542 1133 εἶδος
573 1079 668 1126 ἀντὶ
697 1080 854 1133 εἴδους,
886 1089 956 1125 aut
973 1096 1047 1139 pro
1065 1082 1223 1138 νομεύς
1251 1081 1495 1139 ὁμωνύμως
1514 1088 1577 1143 τῷ
1596 1086 1710 1142 γένει

232 1151 281 1195 τὸ
315 1146 446 1200 εἶδος.
469 1154 481 1175 ¹
498 1151 535 1204 ¹)
591 1148 692 1192 Item
722 1150 775 1192 ad
794 1149 840 1192 Il.
860 1148 977 1191 XXI.
1003 1150 1070 1193 37.
1101 1151 1320 1194 admonent
1349 1159 1513 1207 poetam
1540 1153 1706 1196 nomine

233 1216 399 1275 ἐρινεός
450 1216 674 1273 quamlibet
715 1216 907 1260 arborem
942 1218 1078 1274 potius
1130 1231 1252 1273 quam
1295 1217 1531 1275 caprificum
1574 1220 1708 1274 signi„

230 1285 403 1335 ficasse‚
434 1279 525 1327 ἀπὸ
557 1285 730 1338 γενικοῦ
760 1281 825 1334 εἷς
849 1278 968 1335 εἶδος
994 1284 1277 1340 μεταβέβηκε.
1335 1283 1434 1328 Seh.
1464 1284 1563 1329 Hes.
1594 1284 1708 1329 Scut.

229 1351 326 1395 289.
358 1350 461 1400 τοὺς
491 1348 712 1404 ἀστάχυας
745 1345 845 1394 εἶπε
875 1349 1045 1411 πέτηλα
1075 1346 1194 1401 εἶδος
1223 1347 1318 1395 ἀντὶ
1347 1349 1505 1403 εἴδους.
1563 1351 1706 1397 Schol.

229 1418 333 1475 Lyc.
361 1417 429 1461 88.
469 1414 626 1472 τόργος
655 1414 678 1460 ὁ
713 1414 806 1473 γύψ
847 1416 1027 1474 κυρίως,
1065 1420 1138 1460 νῦν
1171 1416 1220 1462 δὲ
1258 1417 1333 1461 τὸν
1369 1414 1524 1462 κύκνον
1561 1418 1728 1475 λέγειῧ

231 1485 364 1541 ἔλαβε
394 1483 443 1528 δὲ
479 1484 588 1537 ζῶον
616 1480 712 1527 ἀντὶ
744 1481 877 1537 ζώου·
910 1491 950 1526 et
984 1483 1124 1527 Gloss.
1148 1484 1245 1527 911.
1276 1481 1728 1541 ueyxpt'vq——fflassev'

229 1547 348 1602 εἶδος
387 1547 483 1594 ἀντὶ
521 1548 679 1601 εἴδους.
739 1549 942 1594 Similiter
976 1551 1090 1595 Acro
1131 1552 1185 1595 ad
1212 1551 1355 1596 Horat.
1387 1549 1477 1596 Sat.
1506 1549 1537 1594 I.
1565 1551 1604 1603 l,
1635 1550 1703 1596 58.

228 1620 627 1674 Aufidus—species
653 1631 736 1671 pro
774 1631 940 1672 qenere,
982 1625 1022 1662 et
1055 1619 1109 1662 ad
1141 1617 1217 1662 Od.
1247 1618 1279 1662 Ι.
1310 1619 1350 1670 l,
1379 1616 1447 1661 13.
1475 1618 1593 1661 trabe
1624 1618 1702 1674 Cy-

224 1687 569 1740 pria—abusive
596 1698 677 1739 pro
708 1698 953 1740 quacunque
982 1692 1059 1728 etc.
1117 1683 1206 1729 Hoc
1235 1685 1406 1730 schema
1434 1685 1600 1729 duriore
1628 1698 1704 1729 no-

228 1755 338 1796 mine
379 1751 561 1809 appellat
597 1752 755 1796 Auctor
787 1752 837 1795 de
866 1751 1034 1796 Soloec.
1070 1766 1108 1809 p.
1139 1753 1236 1796 199.
1281 1750 1566 1805 σολοικισμὸς
1597 1751 1704 1810 περὶ

227 1819 283 1862 τὰ
323 1818 471 1875 γενικὰ
505 1818 580 1862 καὶ
622 1817 766 1863 εἰδικὰ
807 1816 867 1869 ὡς
897 1816 1014 1876 παρ)
1052 1816 1235 1878 Ὁμήρῳ
1274 1816 1423 1877 πατὴρ
1458 1816 1629 1876 ἀνδρῶν
1657 1834 1705 1862 τε

226 1888 348 1929 θεῶν
379 1898 452 1928 τε·
485 1880 604 1936 εἶδος
632 1887 711 1940 μὲν
743 1885 828 1942 γὰρ
859 1883 1034 1944 ἄνδρες,
1069 1885 1191 1942 γένος
1221 1885 1270 1931 δὲ
1305 1881 1554 1942 ἅνθρωποι.
1612 1883 1704 1929 Hac

228 1955 355 2008 igitur
384 1954 544 1995 ratione
581 1952 713 1995 verba
747 1953 926 2008 singulis
966 1953 1158 1996 sensibus
1190 1952 1386 1996 attributa
1407 1951 1570 2008 docent
1604 1953 1703 2009 poni

225 2032 301 2076 pro
331 2032 402 2069 eo,
442 2019 550 2074 quod
590 2018 778 2060 omnibus
817 2032 1029 2063 commune
1061 2026 1144 2070 est;
1183 2032 1267 2076 qua
1295 2020 1339 2062 in
1366 2030 1412 2061 re
1449 2014 1701 2075 quantopere

226 2086 472 2135 lasciviant,
519 2097 670 2140 operae
709 2086 882 2141 pretium
916 2091 980 2128 est
1018 2098 1290 2140 cognoscere.
1346 2084 1527 2128 Primum
1566 2084 1620 2128 ad
1652 2084 1701 2129 ΙΙ.

223 2150 301 2195 XI.
328 2151 423 2193 532.
455 2149 594 2194 ἵπποι
633 2151 804 2208 πληγῆς
834 2148 1103 2209 ἀΐοντες-ἦ
1140 2152 1277 2208 διπλῆ
1307 2149 1378 2196 ὅτι
1409 2152 1472 2208 τῷ
1509 2147 1621 2210 εἴδει
1649 2151 1698 2195 τὸ

225 2219 347 2274 γένος
377 2213 620 2274 δεδήλωκε·
651 2217 778 2261 θέλει
809 2217 857 2262 δὲ
877 2215 1019 2261 εἰπεῖν
1049 2211 1395 2272 ἑπαισθόμενοι·
1423 2211 1452 2275 ἡ
1482 2215 1567 2275 γὰρ
1585 2214 1697 2276 ἇκοὴ

225 2280 346 2335 εἶδός
376 2283 468 2328 ἐστι
499 2285 577 2339 τῆς
605 2280 873 2341 αἰσθήσεως.
933 2282 1020 2327 Sed
1035 2282 1274 2328 Eustathius
1302 2296 1386 2328 non
1404 2283 1552 2328 inscite
1577 2284 1702 2328 infert

223 2423 266 2460 Il.
291 2423 372 2459 XV.
397 2423 475 2460 268.
501 2425 793 2471 καταχρηστικῶς
817 2424 948 2471 πρῶνα
978 2418 1103 2467 εἶπεν,
1139 2419 1365 2470 ἐθεράπευσε
1388 2420 1430 2457 δὲ
1453 2419 1568 2458 &nair
1594 2418 1699 2457 ἅλιον

224 2479 308 2515 Sch.
326 2479 432 2515 Pers.
450 2479 526 2516 132.
554 2486 645 2517 sunt
666 2492 766 2527 quae
786 2491 859 2527 per
883 2476 1145 2526 synaloephen
1165 2482 1237 2514 aut
1258 2477 1430 2525 systolen
1452 2481 1524 2513 aut
1547 2479 1698 2513 ectasin

223 2538 365 2572 sanari
385 2547 543 2572 necesse
570 2542 630 2572 est
663 2537 801 2573 Charis.
827 2536 853 2572 1.
880 2537 913 2572 5.
939 2548 975 2583 p.
999 2536 1031 2572 7.
1080 2535 1174 2571 Alibi
1205 2535 1274 2571 hac
1307 2534 1354 2571 de
1378 2545 1423 2570 re
1450 2535 1697 2587 διορθοῦσθαι

223 2593 373 2694 ᾱωηῗῗ)
406 2650 528 2687 Schol.
553 2648 706 2696 Lysistr.
732 2648 811 2685 329.
835 2646 1000 2695 πατάγου
1019 2650 1193 2696 χυτρείου
1226 2646 1308 2684 ἀντὶ
1331 2648 1395 2684 τοῦ
1417 2648 1618 2696 κεραμίου,
1654 2647 1696 2683 ἐκ

221 2706 358 2751 μέρους
380 2705 419 2741 τὸ
438 2708 536 2742 πᾶν·
561 2705 604 2743 οὑ
631 2705 703 2755 γὰρ
715 2704 867 2754 χύτραις
890 2704 1080 2751 βάπτουσι,
1105 2703 1204 2749 quod
1226 2704 1320 2740 idem
1345 2700 1442 2745 εἶδος
1457 2702 1540 2742 ἄνεί
1562 2706 1696 2750 γένους

222 2760 291 2795 dici
315 2766 446 2807 potest.
