1728 3120
264 142 310 188 P.
330 141 361 188 1.
421 141 492 187 DE
522 139 831 187 NOMINIBUS
862 139 1075 185 PRIMAE
1103 139 1320 185 DECLIN.
1436 143 1538 192 273

19 275 21 277 ¹
52 256 303 341 <⁵Prolegg.
329 257 428 302 376.
459 264 502 301 et
524 256 622 300 383.
679 254 820 299 Nihilo
850 254 944 312 plus
972 255 1085 299 valet
1113 253 1300 313 Δύπτης
1329 254 1456 313 παρὰ
1485 255 1536 300 τὸ

76 322 104 376 ζ’.
162 322 311 370 ωΕΜ.
327 325 425 376 291,
448 325 518 368 20.
550 323 659 382 quod
690 335 784 366 cum
813 320 986 380 λήπτης
1015 329 1055 366 et
1084 322 1181 366 aliis
1208 323 1534 380 componendum

59 442 62 448 ¹
133 391 359 436 v.P-arall
385 390 481 435 135.
516 405 579 448 sq.
609 403 690 448 quo
719 390 816 434 loco
846 389 1007 445 τένθης
1035 403 1199 447 quoque
1230 391 1349 447 attigi
1380 397 1420 434 et
1447 391 1536 435 alia

76 406 247 504 etiam
275 461 435 517 pariter
459 459 632 503 incerta.
684 454 908 515 Ἀμόργης
934 456 1002 499 vel
1024 456 1450 514 paraschematismus
1472 465 1537 503 est

110 527 231 571 nini
264 522 440 584 ἇμόργη
476 525 547 570 vel
585 531 800 581 utrumque
838 523 1078 579 singulatim
1118 523 1298 568 affictum
1338 533 1402 569 est
1439 539 1535 584 per-

97 607 153 639 0
185 593 338 638 medio.
394 591 584 636 Eandem
618 598 766 649 tropen
807 590 884 634 sed
924 593 1140 647 conjuncte
1184 605 1275 635 cum
1315 593 1534 650 epenthesi

78 673 255 722 insonae
293 659 474 710 ostendit
501 657 687 717 Πόρκης
728 656 752 702 ὁ
786 657 892 715 περὶ
924 661 989 715 τῷ
1030 656 1188 716 δόρατι
1226 658 1400 717 κρίκος,
1441 657 1533 706 ἀπὸ

59 730 120 782 [¹⁸
159 725 304 783 πείρω
341 723 405 780 ὦς
434 723 592 785 Ὠρίων
619 724 716 768 EM.
746 727 909 783 quicum
948 728 1152 769 consentit
1183 724 1281 770 Sch.
1313 729 1366 771 A.
1400 728 1454 772 ad
1483 727 1531 772 Il.

59 790 65 806 ²
137 788 251 838 320.
266 800 388 851 atque
418 793 530 838 haud
562 795 651 837 scio
683 806 738 836 an
766 795 826 836 ita
857 794 934 844 sit3
966 805 1063 835 nam
1094 793 1272 837 annulus
1303 794 1377 838 ille
1407 809 1534 852 prae—

67 868 246 907 tusum
275 860 428 905 fibulae
461 874 568 919 quae
591 857 748 918 πόρπη
767 860 917 904 dicitur
937 859 989 902 ab
1022 860 1169 903 eodem
1197 860 1340 905 verbo.
1392 861 1534 921 Κοιής

70 925 186 981 εύς
213 924 239 972 ὁ
274 926 510 985 καθαίρων
548 925 623 971 τὸν
665 927 806 984 φονέα
844 933 886 970 et
919 925 1090 970 verbum
1123 924 1423 972 Κειώσασθαι
1454 946 1535 972 κα-

78 998 283 1054 ’ρασθαι
313 1007 397 1053 qua
424 995 588 1038 ratione
620 1007 712 1037 cum
743 991 848 1037 κείω
873 994 963 1036 sive
995 991 1107 1036 καίω
1142 995 1432 1038 contineantur
1459 1008 1534 1039 ex-

92 1063 168 1107 eui
188 1064 240 1106 in
267 1060 480 1119 Aglaoph.
498 1059 623 1104 1290.
654 1059 707 1104 cs.
732 1058 928 1115 Prolegg.
945 1058 1014 1102 41.
1039 1065 1123 1103 not.
1189 1059 1358 1119 Φοίτης
1382 1068 1423 1106 et
1445 1062 1534 1106 alia

78 1141 147 1174 ae
174 1130 220 1173 in
237 1127 349 1176 hanc
377 1127 690 1172 similitudinem
710 1127 906 1179 incidunt,
938 1127 1178 1171 examinavi
1202 1130 1246 1171 in
1260 1127 1418 1173 Parall
1434 1129 1531 1174 134.

22 1029 69 1148 ξ

29 1171 52 1240 ἱ

37 2716 79 2774 εἴ,
100 2725 118 2733 ,.

41 2784 61 2818 §2
114 2797 275 2826 Lobeck.
303 2794 445 2826 'recl-nou.
1199 2788 1254 2832 18
