1728 3120
173 204 271 250 300
585 187 1050 234 DISSERTATIO
1093 189 1244 234 XVIII.

173 322 213 358 et
241 314 421 355 sortasse
452 299 607 358 ἄγγος,
647 313 753 357 quae
782 313 851 343 res
874 314 958 344 non
986 301 1150 345 multum
1185 303 1382 347 diversas·
1400 317 1567 349 curvum
1598 311 1639 348 et

175 389 319 424 cavum
348 370 583 418 declarant,
624 379 816 421 magnam
847 374 887 409 et
921 370 1036 411 vocis
1068 375 1108 411 et
1147 369 1639 424 significationis'simili-

171 445 351 489 tudinem
371 435 523 480 hahent
554 447 643 477 cum
671 429 775 488 ἄγος
804 433 1087 488 fragmentum,
1118 429 1282 491 ἀγκύλη
1312 435 1509 492 suffrago,
1537 433 1639 492 ι’ίγο-

176 524 278 558 (ηος
304 512 345 549 et
372 500 534 559 ἀγκών,
565 513 672 579 (piae
704 501 786 542 tria
813 499 1017 542 vocabula
1047 500 1350 558 Glossographi
1378 504 1641 555 consociant,

173 574 278 631 ἄγος
317 578 450 615 autem
481 567 534 610 ad
576 563 732 621 άγνυμι
772 567 946 621 pertinet
973 573 1015 609 ut
1057 567 1204 622 ζεῦγος
1232 568 1286 611 ad
1317 567 1516 625 ζεύγνυμι
1543 568 1639 612 ΕΜ.

172 642 269 692 409,
293 638 361 680 50.
418 630 604 687 Αἶσχος,
634 634 700 675 cui
732 631 996 675 Buttmannus
1031 640 1195 688 etymon
1219 632 1373 688 αἶσχός
1401 634 1559 690 affingit
1587 634 1640 678 ab

175 707 362 760 αι’ὁομαι
388 715 472 745 non
499 700 667 754 longius
696 706 894 742 remotum
921 706 984 742 est
1012 712 1133 755 quam
1152 698 1337 754 πάσχειν
1366 714 1393 744 3
1420 699 1573 752 πάθος
1602 707 1643 743 et

175 776 354 819 παθεῖν.
413 766 532 819 Quod
554 761 706 808 Graeci
736 765 855 821 huJus
876 772 915 808 et
940 767 1165 822 superioris
1185 769 1334 810 aetatis
1364 767 1503 811 dicunt
1523 763 1643 817 α’θος

172 854 246 899 pro
278 834 417 885 α’νθος
445 847 483 876 v.
511 832 740 876 Hemsterh.
772 833 824 875 ad
854 831 1196 887 Plut.1205.2¹)
1225 835 1393 912 propius
1423 840 1487 876 est
1511 833 1641 876 verbo

175 905 242 951 ἅω
273 906 407 961 spiro,
446 900 566 949 halo,
599 896 756 941 unde'
739 895 880 949 ἄωτος
902 898 980 942 flos
1011 905 1051 942 et
1077 898 1252 951 floccus,
1285 895 1434 958 ὂίωρος
1463 913 1645 950 εοιιιιιιιε,

175 971 332 1017 ἇωτεῖν
362 970 389 1011 i.
420 981 457 1023 q.
490 963 648 1014 ἰαύειν,
687 966 893 1021 similique
927 964 1139 1022 epenthesi
1169 966 1292 1010 distat
1319 966 1480 1022 βένθος
1507 979 1534 1009 3
1561 964 1646 1022 βά-

173 1044 279 1088 θος,
322 1034 491 1083 πένθος
525 1045 551 1074 a
581 1029 745 1081 πάθος.
803 1030 983 1089 Βρὲφος
1022 1033 1110 1075 sive
1147 1033 1341 1089 βρέμβος
1367 1031 1465 1076 Hes.
1498 1038 1539 1076 et
1567 1029 1645 1085 εζιι-

175 1110 310 1161 βρυον
332 1112 562 1156 synonyma
588 1105 680 1140 sunt
707 1111 744 1141 v.
763 1096 947 1151 Lennep.
977 1098 1030 1140 ad
1049 1098 1215 1141 Phalar.
1231 1097 1350 1141 XIX.
1366 1098 1435 1142 98.
1464 1099 1644 1142 fortasse

177 1171 229 1214 ab
260 1167 448 1212 obsoleto
478 1164 607 1222 βρέω,
636 1161 771 1220 βρύω,
802 1164 878 1207 sed
901 1163 996 1206 EM.
1026 1164 1128 1207 illud
1157 1165 1279 1208 modo
1312 1166 1367 1208 ad
1396 1165 1548 1223 φέρβω
1576 1177 1645 1208 re-

174 1243 315 1286 vocat,
356 1232 477 1275 modo
514 1230 568 1273 ad
604 1229 775 1285 τρέφω,
809 1231 874 1272 cui
914 1232 1117 1274 consentit
1143 1230 1382 1274 Eustathius
1414 1231 1545 1282 1392,
1574 1232 1644 1274 26.

174 1303 343 1361 βρέφος
378 1312 452 1356 pro
488 1297 651 1354 τρέφος
680 1295 775 1338 dici.
833 1294 1034 1352 Βράγχος
1070 1297 1283 1351 singulare
1316 1299 1404 1353 Jam
1443 1298 1518 1341 alii
1551 1311 1644 1341 cum

174 1367 379 1427 βρόγχος,
407 1363 560 1423 ῥόγχος
589 1375 740 1404 raucus
769 1369 809 1404 et
838 1363 973 1421 ῥέγχω
1004 1363 1272 1406 contulerunt.
1335 1361 1482 1421 Βάρος
1509 1371 1553 1408 ut
1581 1366 1646 1407 in-

174 1435 343 1479 tellectu
379 1434 440 1475 ita
469 1430 713 1473 formatione
752 1442 842 1471 cum
872 1427 1039 1486 φόρτος
1075 1431 1286 1481 convenit,
1325 1430 1434 1486 quod
1463 1443 1490 1473 3
1518 1431 1644 1487 φέρω

176 1501 425 1545 declinatum
462 1503 545 1546 est,
585 1495 681 1537 huic
721 1502 856 1537 autem
894 1496 1114 1551 respondet
1155 1498 1436 1552 germanicum
1477 1495 1646 1540 verbum

176 1571 356 1616 baaren3
387 1565 441 1620 γῆ
467 1558 644 1619 ἄφαρος
661 1559 858 1604 Meletius
889 1574 924 1604 c.
949 1559 1003 1604 X.
1022 1562 1089 1604 84.
1120 1564 1164 1605 in
1180 1561 1316 1606 Cram.
1332 1561 1491 1606 Anecd.
1506 1561 1556 1604 T.
1573 1561 1644 1605 111.

177 1642 217 1678 et
247 1627 549 1712 Glpssographi
579 1629 899 1683 interpretantur
924 1641 999 1684 per
1028 1624 1220 1685 α’φορος,
1265 1628 1341 1672 sed
1368 1629 1493 1672 iidem
1522 1631 1645 1672 etiam

174 1714 249 1758 per
285 1695 526 1756 ἀφάρωτος
553 1708 591 1737 v.
619 1693 796 1736 Hecker.
829 1693 992 1736 Gallim.
1022 1707 1060 1751 p.
1080 1694 1148 1737 90.
1179 1695 1233 1738 ad
1261 1695 1370 1751 quod
1406 1701 1553 1752 postea
1579 1708 1647 1738 re-

176 1773 326 1810 vertar.
385 1762 472 1805 Sed
512 1761 695 1816 ejusdem
727 1761 914 1803 familiae
945 1762 1068 1803 etiam
1097 1761 1263 1818 βράδος
1292 1774 1388 1804 esse
1417 1757 1579 1805 videtur
1606 1768 1647 1804 et

178 1836 425 1891 adJectivum
452 1827 619 1886 βραδύς
658 1826 748 1872 ἀπὸ
779 1832 858 1872 τοῦ
885 1826 1026 1885 βαρύς
1054 1830 1322 1888 πλεονασμῷ
1349 1833 1412 1887 τῷ
1445 1832 1470 1873 ὁ
1500 1830 1575 1873 καὶ
1603 1828 1649 1873 ἐν

176 1899 422 1957 ὑπερθέσει
449 1895 544 1938 EM.
585 1896 660 1938 sed
698 1895 777 1938 hac
815 1895 1008 1950 neglecta
1047 1897 1199 1938 bardus
1237 1909 1264 1939 α
1303 1909 1450 1951 yraeco
1483 1894 1650 1952 βαρδύς

175 1970 285 2012 Fest.
319 1968 371 2010 cf.
400 1964 594 2008 Doederl.
626 1962 728 2018 Syn.
754 1962 820 2005 lv.
850 1964 946 2006 226.
1005 1964 1096 2015 Quo
1127 1967 1296 2021 saepius
1321 1967 1467 2008 literae
1485 1956 1530 2008 ’ὅ
1553 1972 1593 2008 et
1612 1954 1649 2006 ἶ

176 2038 292 2080 vices
331 2045 429 2075 suas
458 2036 706 2087 permutant,
743 2029 823 2072 hoc
849 2029 1107 2084 probabilius
1137 2031 1241 2074 duco
1279 2044 1354 2086 pro
1385 2030 1529 2074 λίπτω
1568 2031 1649 2073 ali-

179 2114 283 2159 quos
315 2097 468 2141 alicubi
499 2096 655 2138 dlxisse
688 2092 830 2139 δίπτω
860 2102 899 2137 et
933 2095 984 2138 ab
1015 2095 1094 2139 hoc
1122 2096 1349 2140 derivatum
1378 2109 1474 2139 esse
1500 2095 1648 2153 δίψος,

180 2167 291 2224 quod
318 2164 586 2207 Buttmannus
618 2161 798 2204 Gramm.
823 2160 872 2203 Π.
902 2162 997 2204 397.
1032 2176 1058 2204 3
1088 2159 1240 2218 ὁιψάω
1275 2159 1649 2219 repetit321'mwv

181 2231 399 2289 γάλακτος
427 2228 622 2285 Apollon.
652 2226 719 2269 IV.
749 2228 846 2270 813.
875 2227 979 2270 nihil
1010 2228 1145 2270 differt
1173 2241 1201 2270 a
1229 2228 1388 2284 διψῶν.
1445 2222 1580 2280 Εἷρος
1598 2228 1649 2272 Η.

182 2298 416 2355 Stephanus
446 2297 490 2337 in
512 2293 641 2336 Thes.
673 2293 724 2336 ab
751 2291 855 2351 είρω
887 2295 1073 2337 arcessit.
1117 2294 1248 2344 Ἐλος
1275 2293 1395 2350 palus
1427 2307 1455 2336 a
1475 2293 1650 2339 Graecis

180 2365 343 2409 mediae
376 2364 523 2405 aetatis
551 2359 713 2415 βάλτος
739 2361 887 2403 dicitur
915 2367 954 2403 et
980 2357 1146 2416 ἑλώδης
1173 2357 1413 2416 βαλτωδης,
1441 2373 1546 2416 quae
1570 2360 1651 2405 Co-

180 2444 278 2475 raes
310 2430 364 2473 ad
396 2426 602 2471 Plutarch.
634 2425 684 2468 T.
714 2425 781 2468 IV.
810 2426 906 2469 476.
939 2427 991 2469 ad
1023 2423 1157 2476 ἄλσος
1185 2426 1356 2477 confert,
1383 2439 1478 2469 nam
1510 2423 1651 2471 ἄλσεα

182 2496 228 2541 οἱ
258 2494 477 2551 κάθυγροι
506 2493 641 2537 τόποι
670 2492 768 2536 HeS.
800 2488 935 2542 ἄλσος
967 2499 1100 2535 autem
1129 2499 1170 2534 et
1201 2492 1296 2536 hinc
1324 2493 1477 2536 factum
1498 2489 1651 2544 ’Ἀλτις

183 2564 369 2607 Koenius
401 2561 453 2604 ad
474 2560 598 2615 Greg.
623 2573 660 2616 p.
675 2559 773 2603 220.
802 2558 912 2602 haud
941 2560 1086 2602 inscite
1117 2559 1244 2601 refert
1272 2560 1326 2602 ad
1352 2559 1482 2603 verba
1510 2559 1650 2602 alendi

278 2706 339 2749 21)
376 2704 533 2740 Nomina
557 2703 692 2738 urbium
717 2702 867 2747 Ἀθῆναι
893 2710 930 2739 et
949 2702 1104 2747 Ἀνθήνη
1138 2703 1294 2739 fortasse
1318 2704 1413 2741 idem
1436 2701 1651 2750 significant,

185 2761 406 2798 Florentiam
430 2761 491 2796 vel
515 2759 672 2796 Floram.
