1728 3120
205 179 303 226 348
643 168 1103 214 DISSERTATIO
1143 170 1241 215 XX.

201 288 251 333 τὸ
284 282 452 335 ἁλιεύς,
497 280 576 326 κᾶν
612 279 833 336 ποτάμιος
868 277 919 340 ᾖ,
965 282 1039 326 καὶ
1077 279 1103 340 ἡ
1139 281 1291 335 πύξις,
1334 283 1415 344 κᾶν
1451 285 1675 347 διαφόρου

201 356 309 411 ὕλης
341 350 458 408 τύχῃ.
516 348 702 405 Namque
732 351 940 392 nominum
959 349 1107 406 quibus
1137 352 1369 407 piscatores
1389 354 1673 408 significantur

200 427 315 465 tanta
344 417 525 461 abundat
554 418 677 472 copia
706 423 748 458 ut
766 414 918 459 Graeci
944 429 1151 473 nunquam
1179 420 1313 462 coacti
1339 419 1420 463 sint
1448 422 1670 479 improprio

200 490 282 532 mi:
315 482 581 534 ἆσπαλιεύς,
613 479 816 539 γριπεύς,
861 481 1081 534 δικτυεύς,
1115 484 1418 543 δελεαστρεύς,
1456 484 1671 546 ἓπακτήρ,

198 549 467 602 θαλασσεύς,
498 547 790 606 ἶχθυοθήρας,
822 548 1098 607 καλαμευτής
1126 558 1166 594 et
1194 550 1516 610 καλαμοθήρας
1538 551 1562 598 ὁ
1596 571 1675 599 κα-

200 618 327 676 λάμῳ
358 620 512 675 θηρῶν
532 616 668 660 Procl.
705 618 747 658 in
771 615 881 659 Crat.
909 630 947 673 p.
963 616 1030 660 44.
1063 618 1126 660 ed.
1159 617 1295 662 Boiss.
1325 618 1517 677 κυρτεύς,
1547 622 1674 678 λαρι-

200 684 370 743 νευτής,
401 681 658 741 ὁρμιευτής,
689 681 898 739 πορκεύς,
930 682 1160 740 σαγηνεύς,
1191 683 1472 743 ὕδροθήρας,
1502 701 1673 745 quorum
1727 735 1728 747 χ

201 752 479 811 compluribus
508 753 566 794 uti
598 757 786 807 poterant
818 763 938 806 quum
970 750 1020 793 de
1050 754 1281 807 piscatione
1310 752 1499 797 fluviatili
1526 754 1673 812 loque-

199 828 353 865 rentur.
411 818 498 862 Sed
535 820 634 875 quia
673 816 862 861 omnibus
891 818 1082 860 usitatius
1113 826 1202 862 erat
1232 816 1404 872 ἁλιείς,
1439 834 1523 865 non
1549 824 1671 866 veriti

200 895 293 932 sunt
323 882 442 938 εἶδος
475 882 574 929 ἀντ’
610 882 755 935 εἴδους
786 898 954 941 ponere.
1012 883 1133 928 Viam
1162 885 1256 929 huic
1286 885 1482 933 licentiae
1513 891 1672 946 aperuit

198 955 415 998 Homerus.
479 951 724 996 Plutarchus
762 951 812 995 de
853 950 899 994 V.
938 950 1055 995 Hom.
1084 951 1233 996 XVIII.
1258 952 1355 996 489.
1394 953 1670 1012 κατάχρησις,

198 1017 228 1080 ἢ
259 1018 350 1066 ἀπὸ
392 1022 470 1063 τοῦ
505 1019 665 1076 κυρίως
702 1018 972 1074 ὁηλουμένου
1010 1019 1254 1076 μεταφέρει
1289 1019 1368 1077 τὴν
1402 1023 1557 1077 χρῆσιν,
1588 1019 1667 1079 ἐφ’

200 1089 348 1146 ἕτερον
368 1083 448 1131 οὔκ
478 1084 576 1140 ἔχον
602 1080 742 1139 ὄνομα
773 1083 935 1141 κύριον,
966 1084 1059 1128 ἐστι
1084 1085 1209 1142 παρὰ
1242 1086 1291 1130 τὸ
1322 1089 1489 1146 ποιητῇ
1513 1087 1672 1147 σειρὴ

195 1152 455 1212 χρυσείη,
493 1153 621 1209 σειρὰ
662 1149 745 1208 γάρ
785 1150 946 1208 κυρίως
987 1151 1062 1195 ἐπὶ
1102 1155 1179 1196 τοῦ
1218 1152 1411 1206 σχοινίου
1446 1151 1672 1208 τάσσεται,

200 1220 276 1264 καὶ
307 1218 516 1276 αἰγείην
547 1219 737 1275 κυνέην
755 1224 831 1261 etc.
891 1218 997 1261 Illud
1020 1233 1102 1262 non
1122 1221 1225 1262 satis
1247 1213 1422 1263 evidens
1443 1221 1672 1278 exemplum

199 1294 284 1336 est,
317 1300 414 1330 nam
442 1283 570 1342 σειρά
599 1299 674 1342 per
707 1298 753 1328 se
781 1291 1013 1328 consertum
1043 1286 1235 1342 quiddam
1276 1287 1432 1330 indicat
1460 1287 1672 1332 subtracta

199 1356 378 1398 materia
405 1361 446 1397 et
479 1355 644 1397 omnino
682 1352 758 1395 illa
788 1365 919 1395 aurea
959 1358 1130 1403 catena,
1171 1366 1253 1409 qua
1289 1353 1459 1397 deorum
1489 1368 1671 1400 summus

198 1429 350 1466 terram
381 1428 421 1464 et
449 1423 584 1464 maria
613 1419 846 1476 suspendit,
888 1432 973 1461 non
1005 1419 1288 1475 scrupulosius
1318 1420 1567 1478 disputanda
1593 1429 1669 1466 est.

200 1488 288 1531 Sed
323 1485 467 1544 αἶγείη
495 1486 643 1542 κυνέη,
672 1484 853 1541 χαλκείη
885 1486 1010 1542 κυνέη
1041 1492 1081 1529 et
1110 1485 1290 1544 ταυρείη
1324 1504 1361 1530 κ.
1420 1487 1562 1532 861101,
1593 1486 1671 1533 Od.

196 1554 353 1598 XXIV.
373 1555 470 1597 231.
499 1554 645 1596 merito
676 1555 1032 1609 καταχρηστικῶς
1064 1553 1175 1597 dicta
1202 1567 1297 1597 esse
1317 1555 1477 1610 judicat
1503 1562 1672 1600 auctore

197 1621 458 1672 Aristarcho,
489 1623 557 1678 qui
586 1626 793 1677 postremo
813 1618 861 1662 ΙΙ.
886 1617 940 1661 X.
961 1619 1058 1662 257.
1089 1620 1229 1677 diplen
1249 1623 1451 1678 apposuit.
1503 1621 1673 1667 Poterat

196 1696 322 1747 poeta
348 1686 481 1745 κόρυς
511 1688 758 1730 substituere
797 1686 866 1730 vel
896 1683 1076 1743 κράνος,
1114 1689 1196 1731 nisi
1225 1687 1305 1732 hoc
1332 1690 1578 1733 recentioris
1607 1696 1672 1734 est

197 1758 445 1808 memoriae,
487 1756 562 1799 sed
589 1756 660 1799 vix
693 1754 797 1797 illud
831 1754 1050 1809 quinquies
1089 1757 1286 1798 iterasset
1320 1756 1404 1799 nisi
1432 1755 1671 1800 femininum

198 1825 390 1880 adJectivi
422 1822 572 1873 κύνεος
603 1835 629 1865 a
657 1820 960 1877 significatione
989 1823 1177 1877 propria,
1209 1835 1316 1879 quae
1345 1823 1401 1866 int
1419 1824 1571 1866 ceteris
1595 1836 1671 1879 ge-

197 1891 366 1934 neribus
395 1891 606 1941 remansit,
634 1891 721 1945 jam
751 1888 939 1931 diuturno
970 1901 1048 1930 usu
1078 1888 1226 1932 fuisset
1256 1889 1520 1942 abstractum,
1548 1903 1670 1947 quem

196 1957 430 2001 Herodotus
458 1970 619 2013 quoque
647 1968 825 2011 sequens
859 1953 1011 2011 κυνέην
1037 1955 1223 2011 χρυσέην
1251 1959 1474 2013 usurpavit.
1531 1955 1578 2000 In
1604 1957 1671 2000 his

196 2026 344 2080 igitur,
375 2036 480 2079 quae
513 2022 781 2064 Grammatici
809 2021 1043 2076 proferunt,
1081 2021 1238 2064 nullum
1268 2029 1331 2065 est
1363 2023 1473 2079 quod
1502 2025 1669 2082 inopiae

197 2103 330 2135 causa
359 2088 435 2133 ἐπὶ
458 2087 507 2131 τὸ
538 2084 900 2140 ἀκατονόμαστον
924 2087 1167 2130 translatum
1187 2101 1283 2131 esse
1312 2096 1522 2146 appareat.
1582 2089 1671 2134 Sed

195 2157 363 2213 tegulae
393 2154 634 2212 plumbeae,
677 2153 824 2210 quibus
865 2153 1165 2211 opulentiorum
1203 2155 1349 2214 domus
1387 2164 1670 2214 conteguntur,

195 2238 280 2268 non
311 2223 435 2266 aliter
462 2222 668 2265 nominari
695 2227 884 2277 poterant
914 2234 1036 2277 quam
1067 2221 1300 2277 κεραμίδες
1327 2223 1600 2280 μολύβδιναι,
1632 2231 1673 2268 et

197 2305 276 2336 nos
305 2290 405 2333 illas
431 2302 582 2332 aureas
611 2294 651 2331 et
681 2294 904 2343 argenteas
935 2287 1099 2339 soleas,
1136 2302 1239 2345 quas
1266 2288 1378 2333 Nero
1406 2297 1447 2334 et
1474 2289 1671 2348 Poppaea

193 2360 390 2414 jumentis
409 2357 496 2399 suis
530 2354 767 2404 induebant,
798 2355 835 2397 si
858 2356 1097 2409 germanice
1127 2356 1339 2413 appellare
1367 2357 1569 2410 volumus,
1599 2372 1672 2402 co-

197 2427 334 2481 gimur
361 2425 499 2467 dicere
522 2423 668 2476 qoldne
689 2422 905 2476 Hufeisen.
965 2420 1052 2465 Nec
1069 2421 1216 2465 Cicero
1242 2425 1398 2467 evitare
1426 2425 1554 2484 potuit
1572 2429 1670 2482 quin

199 2491 462 2548 clepsydram
495 2495 665 2532 vocaret
705 2490 911 2532 solarium
945 2503 998 2532 ex
1039 2502 1163 2544 aqua,
1185 2493 1250 2541 ²⁹)
1281 2490 1391 2546 quod
1417 2505 1502 2535 non
1534 2494 1669 2535 minus

198 2565 400 2616 repugnat
418 2570 539 2614 quam
570 2556 674 2599 illud
699 2555 750 2599 ab
765 2554 1013 2613 Epicharmo
1042 2555 1178 2599 fictum
1206 2555 1392 2613 τρίπους
1422 2556 1672 2616 τετράπους

290 2706 350 2751 29)
378 2705 427 2742 Se·
448 2717 512 2740 res
537 2716 650 2740 suum
671 2703 823 2741 nullum
846 2703 963 2739 habet
989 2714 1142 2745 nomen,
1167 2703 1336 2740 docendi
1358 2715 1494 2749 causa,
1517 2715 1594 2740 non
1618 2705 1671 2740 lu-

199 2763 340 2806 dendi,
370 2766 542 2799 sumtum
565 2761 722 2798 videtur
747 2761 821 2799 Cic.
849 2759 953 2798 Orat.
977 2772 1008 2798 c.
1032 2759 1166 2797 XXIV.
1213 2760 1290 2797 Pro
1320 2762 1522 2798 vindemia
1543 2761 1671 2798 mellis
