1728 3120
272 203 376 248 cst.
405 202 474 248 lv.
531 202 603 247 DE
635 202 833 248 VERBIS
861 203 1229 248 DENTALIBUS.
1422 207 1486 254 85

128 317 237 362 38.
263 319 426 376 triaque
455 317 534 363 illa
570 331 677 375 quae
708 317 851 363 Schol.
882 318 1010 362 Arist.
1040 317 1144 376 qu.
1178 318 1301 362 1158.
1331 332 1486 376 grega-

67 329 304 442 producit
341 384 480 444 κημὸς
507 383 532 430 ὃ
564 384 702 439 κάδος
737 389 826 430 τῶν
863 387 1082 430 δικαστῶν
1113 385 1187 430 καὶ
1224 383 1248 430 ὃ
1277 384 1416 442 χάβος
1441 387 1486 431 id

63 503 69 513 ⁸
96 467 149 490 vr:
173 456 353 506 istrum,
399 454 508 512 quod
537 467 566 498 a
595 455 797 512 capiendo
830 455 981 498 dictum
1017 461 1080 497 est
1115 461 1157 497 ut
1197 467 1223 498 a
1252 457 1485 512 capacitate

35 496 43 540 '
112 519 339 575 ·κάπετις
368 521 557 578 καπίθη,
586 519 721 575 κάδος
750 530 885 566 autem
915 525 959 567 in
973 522 1069 565 ΕΜ.
1088 536 1172 566 non
1200 525 1486 580 intempestive

34 568 93 678 3
116 587 206 645 ’ἄξω
234 590 423 635 refertur.
481 588 528 633 In
561 591 765 634 cumulum
793 591 995 635 accedunt
1021 589 1221 647 Hesychii
1248 592 1487 635 testimoni-t

38 678 40 683 r
164 674 245 703 αον
269 653 444 710 ἄνοιξον
471 657 552 702 hoc
571 666 634 702 est
664 655 954 713 ἇναχάλασον,
984 665 1027 702 ut
1043 658 1230 702 Koenius
1261 659 1400 703 docuit
1431 659 1486 702 ad

111 724 252 770 ,343.
287 732 328 770 et
349 722 612 778 Ἐκκαλάξαι
639 726 783 770 κλῖναι
813 726 862 770 τὸ
893 723 1054 776 ἱστίον,
1083 726 1191 769 unde
1219 728 1341 782 funes
1370 729 1483 771 cala-

115 795 288 849 quibus
318 801 504 838 antenna
533 796 804 849 suspenditur
830 793 976 849 Veget.
1005 807 1032 837 a
1057 794 1186 838 verbo
1221 795 1364 839 calare
1393 797 1483 839 sive

71 851 191 913 ‘iare
221 861 464 920 quibuscum
495 859 778 905 Schneiderus
807 861 862 904 ad
892 859 1047 904 Vitruv.
1080 860 1130 904 T.
1151 860 1220 905 111.
1254 863 1351 905 296.
1383 876 1485 907 con-

64 953 74 960 ν
128 926 385 987 σχαστήρια.
407 929 476 983 ²⁰)
533 927 688 972 Horum
724 929 903 971 omnium
941 927 1248 972 fundamentum
1287 937 1351 973 est
1378 930 1484 974 illud

98 1020 104 1034 ·
150 996 329 1041 diximus
367 992 485 1050 χάω,
531 997 648 1052 cujus
686 997 806 1039 varia
842 996 1139 1040 inclinamenta
1177 995 1362 1055 κέκηόα,
1413 998 1484 1043 κέ-

143 1063 237 1120 ‚²¹)
266 1060 436 1118 ἓχαὸον,
464 1060 664 1117 χανδάνω
696 1063 879 1108 conferri
907 1070 1080 1122 possunt
1098 1077 1190 1108 cum
1220 1064 1332 1123 ἥὸω,
1362 1063 1481 1118 ἅδον,

112 1148 190 1182 ω,
217 1143 315 1176 nam
343 1129 410 1174 his
438 1143 600 1188 quoque
629 1130 767 1175 thema
793 1145 938 1189 purum
967 1127 1036 1175 ὅῖω
1066 1134 1174 1176 satio
1203 1132 1485 1189 affingendum

99 1214 146 1239 -ιι
166 1227 176 1244 .
234 1197 356 1252 Quod
380 1197 566 1242 ultimum
605 1205 668 1242 est
706 1198 827 1256 huJus
855 1200 1024 1256 generis
1063 1197 1236 1255 σκάζω,
1277 1201 1485 1245 dentalem

30 1274 35 1278 ’
98 1281 144 1312 a
178 1275 329 1312 natura
365 1269 652 1323 ingeneratum
690 1266 868 1318 hahere,
904 1269 1148 1324 conjicimus
1187 1282 1239 1312 ex
1278 1269 1483 1325 adjectivo

118 1333 172 1389 ’,ς
207 1333 417 1391 σκαμβός,
447 1332 691 1390 σκιμβόςί.
719 1349 757 1392 q.
785 1332 940 1390 χωλός.
973 1360 1021 1368 -
1063 1335 1131 1379 Ad
1161 1337 1387 1381 secundum
1415 1351 1485 1381 or-

81 1417 144 1451 ιιι
181 1405 386 1462 pertinent
428 1402 511 1457 ἔξω
547 1399 674 1461 παρὰ
712 1401 762 1445 τὸ
802 1402 861 1447 ἕω
899 1401 997 1447 ΕΜ.
1039 1405 1106 1447 cui
1150 1405 1379 1462 subJ'ectum
1420 1412 1485 1450 est

79 1479 135 1523 ’,
173 1478 214 1516 et
239 1471 349 1526 χέζω
390 1483 417 1515 a
443 1470 529 1525 χέω
560 1469 687 1514 fundo
726 1477 768 1514 ut
797 1471 926 1515 latine
969 1472 1118 1515 dicitur
1149 1475 1349 1529 profusio
1384 1473 1481 1518 alvi,

79 1553 160 1584 em
188 1539 488 1598 complemento
515 1538 568 1582 ab
599 1539 724 1581 attico
744 1538 864 1596 πρίω
888 1541 1095 1596 procrevit
1121 1539 1279 1597 πρίζω,
1311 1555 1338 1584 a
1366 1539 1484 1585 κνάω

33 716 113 855 fi}

31 907 65 946 Ι

30 1042 61 1079 Ι
74 1032 95 1077 ‹J-

30 1112 39 1142 ι

31 1178 59 1202 Ι

29 1249 58 1270 Ι

29 1323 34 1349 Ι

28 1381 58 1411 Ι

28 1455 33 1485 Ι

28 1519 33 1548 Ι

26 1587 33 1614 Ι

26 1654 63 1688 Ι

73 1624 149 1656 ω,
179 1620 207 1651 a
234 1605 362 1664 ψάω,
391 1605 500 1649 uude
530 1604 674 1650 Schol.
703 1605 833 1648 Arist.
859 1605 993 1650 Rann.
1024 1606 1121 1650 493.
1151 1606 1315 1664 ψωμός
1343 1616 1485 1652 natum

25 1724 33 1743 =
61 1692 89 1714 ι
112 1681 163 1726 ·‚t
201 1672 324 1731 ψίζω
351 1673 463 1730 quod
486 1671 720 1728 Hesychius
752 1687 784 1716 s.
812 1671 1040 1730 Ἐπιψίζει
1067 1675 1357 1732 interpretatur
1384 1683 1487 1733 ψω-

53 1738 134 1791 ἶξς.ω
192 1740 389 1795 Βλίζειν,
426 1753 502 1798 pro
535 1753 615 1796 quo
648 1738 839 1796 βλίττειν
870 1749 1078 1799 receptum
1115 1749 1179 1786 est
1205 1757 1290 1787 non
1318 1751 1360 1787 ut
1386 1742 1483 1786 ΕΜ.

24 1852 62 1891 t*
62 1814 80 1850 ,Ι
93 1810 200 1862 ,32.
231 1822 260 1853 a
287 1805 492 1864 μελίζειν,
522 1821 656 1865 neque
676 1807 756 1852 hoc
787 1822 813 1851 a
839 1809 943 1860 μέλι
958 1809 1035 1852 sed
1062 1816 1276 1868 utrumque
1307 1808 1483 1855 αθλάω

82 1874 259 1937 ιφλάω
288 1879 533 1934 repetimus,
573 1877 688 1932 quus
722 1875 884 1920 vocalis
923 1877 967 1919 in
995 1879 1083 1920 iota
1118 1881 1268 1922 transit
1298 1886 1485 1923 assumta

24 1922 64 1960 ι
68 1958 192 1991 sona
204 1943 415 1995 variabili,
443 1942 604 1999 θλίβω,
634 1942 794 2002 φλίβω,
823 1943 972 2000 βλίμη,
1001 1943 1201 1999 βλιμάζω
1231 1945 1367 1991 οἶονει
1357 1946 1486 1991 θλι-

23 1987 56 2032 μ
70 2031 132 2063 ω
161 2012 279 2057 Suid.
310 2023 391 2069 quo
420 2010 543 2054 modo
573 2013 698 2055 etiam
725 2011 886 2067 βλίττω
922 2015 1151 2070 exponitur.
1208 2013 1325 2058 Haec
1354 2028 1484 2070 gene-

23 2051 74 2093 ᾖ
95 2095 136 2126 ιιι
174 2079 330 2125 habent
365 2078 578 2137 premendi
627 2079 973 2136 significationem
1013 2081 1087 2124 sed
1133 2083 1242 2138 quod
1280 2081 1484 2139 Virgilius

22 2129 66 2226 ζ
67 2176 72 2179 «
130 2151 290 2205 pressis
328 2160 469 2202 coqere
505 2148 628 2190 mella
665 2149 775 2202 favis
806 2147 959 2204 Georg.
986 2147 1053 2192 IV.
1085 2148 1180 2192 140.
1209 2153 1373 2208 proprie
1407 2165 1482 2194 no-

21 2259 59 2288 3
74 2223 182 2263 atur
207 2214 420 2272 βλίττειν,
450 2217 566 2271 cujus
595 2214 730 2258 forma
755 2217 962 2272 primitiva
991 2224 1055 2260 est
1082 2218 1168 2273 Jam
1196 2226 1321 2262 antea
1351 2219 1483 2262 allata

57 2298 118 2328 8
146 2283 178 2327 Ι.
217 2284 254 2339 §.
285 2283 325 2326 3.
363 2283 485 2337 βλεῖν
521 2283 570 2326 τὸ
611 2282 830 2336 βλίσσειν,
869 2291 992 2328 aucta
1028 2283 1226 2329 Βλάσκει
1265 2285 1483 2341 καπνίζει,

20 2323 34 2373 b
114 2358 179 2396 est
214 2349 382 2406 βλίττει
414 2357 458 2393 ut
495 2363 547 2393 ex
587 2349 684 2393 aliis
722 2351 906 2407 eJusdem
935 2351 1134 2409 Hesychii
1163 2353 1271 2398 locis
1313 2362 1484 2414 apparet

47 2495 156 2541 20)
187 2494 276 2531 Οιιιιι
308 2490 378 2530 hoc
409 2493 582 2530 convenit
617 2496 791 2530 casteria
815 2494 922 2531 locus
946 2497 1018 2533 ubi
1039 2509 1127 2534 cum
1159 2500 1362 2545 navigatio
1389 2510 1481 2534 con-

84 2555 186 2595 cit
211 2554 314 2588 remi
337 2555 615 2598 conquiescunt
646 2551 743 2587 Non.
771 2550 904 2598 σχάσαι
927 2567 1074 2600 κωπην
1067 2555 1181 2591 Pind.
1215 2555 1252 2589 id
1276 2561 1331 2589 est
1358 2556 1484 2590 laxare

99 2611 156 2655 ν)
182 2615 218 2645 et
242 2610 448 2653 remittet-«35
473 2622 604 2657 φροντι
594 2610 631 2644 ιδ
633 2623 656 2643 ιι
679 2608 812 2656 σχιὲσιιι
801 2611 1009 2656 eAristoph.
1025 2612 1148 2648 Schol.
1174 2614 1324 2647 naum
1376 2612 1485 2650 Quae

39 2599 59 2723 ἐ
87 2678 153 2704 era.
175 2672 231 2702 est
251 2666 518 2713 interpretatio,
543 2667 578 2700 in
604 2667 745 2702 Colnth.
772 2680 808 2702 v.
833 2668 887 2703 57.
915 2680 983 2714 pro
1009 2670 1137 2714 δολίην
1158 2667 1255 2718 ἓφριὶ
1246 2680 1369 2705 ισσαιο
1394 2675 1482 2715 βου-

47 2732 51 2735 ’
96 2724 302 2772 scripserim
326 2720 529 2770 ἔσχιὶσσατο
554 2723 689 2759 remisit
714 2731 750 2759 et
772 2725 915 2771 abjecit.

42 2773 73 2822 ζ’,
94 2781 157 2826 21)
190 2780 318 2818 Litora
342 2782 388 2816 νῦ
411 2780 552 2816 mobilis
578 2788 633 2818 est
655 2782 691 2818 in
714 2782 887 2819 derivatis
913 2779 1130 2832 εὐρυχανής,
1157 2782 1343 2832 εὖχιινδής,
1368 2788 1482 2823 πολυ-

79 2858 93 2870 ’ν
105 2839 162 2886 ἡς,
189 2835 406 2888 εἰρυχαδής,
428 2835 582 2885 χανδόν.
