1728 3120
212 207 312 254 270
646 197 1114 242 DISSERTATIO
1159 199 1269 243 XVI.

211 315 300 358 Hoc
330 319 463 355 autem
491 317 611 365 atque
641 311 802 352 tertium
825 306 940 367 ἷίνθη
972 324 998 354 a
1019 311 1251 367 trisyllabis
1281 315 1365 356 non
1383 315 1533 370 *specie
1558 316 1680 361 modo

214 382 367 424 distant
394 377 468 419 sed
497 378 620 419 etiam
651 375 968 431 significatione.
1026 375 1132 421 Nam
1162 380 1203 421 in
1219 378 1326 422 Plat.
1344 377 1681 440 Prottg..p.334.

211 447 351 489 ταῦτα
385 445 483 493 ταῖς
518 441 660 501 ῥίζαις
699 439 871 497 ἀγαθά,
910 447 1008 495 ταῖς
1040 444 1088 489 δὲ
1122 443 1336 499 βλάσταις
1370 445 1565 505 πονηρά,
1598 463 1682 493 non

210 511 533 568 germinationes
572 508 855 564 intelliguntur
893 510 967 552 sed
1006 513 1195 566 germina
1233 509 1434 568 πτόρθοι
1475 513 1551 557 καὶ
1589 516 1682 560 νέοι

210 576 395 634 βλαστοί
423 583 465 619 ut
494 576 636 632 paullo
668 585 760 632 post
786 583 998 619 vocantur.
1058 576 1261 622 Similiter
1280 573 1397 636 ι’ίνθη
1427 581 1471 623 in
1489 579 1681 638 Hippocr.

209 644 405 687 Muliebr.
428 643 458 685 I.
488 642 583 686 674.
623 641 701 700 τὴν
729 641 897 700 μήτρην
929 640 1071 699 ῥόδων
1101 640 1218 704 ἄνθη
1248 643 1411 703 ἰῆσθαι
1442 659 1522 704 pro
1551 643 1684 692 ἄνθει

210 713 358 755 dictum
390 717 474 761 est3
508 709 674 752 Aelian.
705 708 753 751 H.
786 709 893 751 Ann.
923 707 997 751 IX.
1027 710 1095 753 37.
1129 709 1183 754 τὰ
1214 707 1405 769 ὃρνύφια
1434 713 1513 772 τὴν
1541 709 1684 771 ἄνθην

209 782 295 822 τῶν
326 778 514 832 δένδρων
545 778 768 819 σιτοῦνται
799 783 838 818 et
865 775 1061 820 Philostr.
1088 776 1278 821 Heroicc.
1308 791 1346 835 p.
1361 779 1459 822 663.
1487 782 1576 824 τῶν
1603 781 1684 833 μὲν

211 842 593 903 ἇγρίωνλόένὸρων
622 840 669 885 αἱ
700 837 839 886 ὄνθαι
872 839 1077 897 εἶὶοσμοι,
1106 846 1193 886 τῶν
1221 844 1270 888 δὲ
1299 841 1474 902 ἡμέρων
1501 845 1546 890 οἶ
1575 863 1684 904 καρ-

211 910 293 955 ποί
320 910 434 953 nullo
464 916 585 966 pacto
617 908 807 951 substitui
841 916 974 966 potest
1004 905 1211 966 ἅνθησις,
1253 912 1351 967 quia
1386 910 1512 956 flores
1550 914 1684 969 signi-

209 978 382 1022 ficantur
410 983 453 1018 ut
482 978 525 1018 in
550 975 640 1019 Nic.
667 975 746 1017 Th.
767 975 863 1018 625.
896 974 1125 1031 ἑλιχρύσου
1152 975 1213 1034 μὴ
1243 975 1347 1021 λίπε
1380 973 1522 1036 ι’ίνθην
1539 978 1682 1025 Schol.

209 1045 379 1088 adnotat
405 1038 546 1099 ἄνθην
566 1042 614 1085 τὸ
647 1038 787 1092 ἄνθος
809 1039 921 1085 εἶπε.
981 1041 1044 1084 Ita
1062 1044 1184 1085 etiam
1206 1043 1331 1097 γέννα
1349 1043 1557 1101 γέννησις,
1587 1046 1683 1103 δίνη

207 1110 396 1166 δίνησις,
433 1106 560 1165 ε’γγύη
592 1106 809 1165 ἐγγύησις,
853 1106 971 1164 λύπη
1001 1106 1212 1164 λύπησις,
1251 1106 1384 1166 πάθη
1413 1109 1616 1170 πάθησις
1643 1120 1685 1156 et

209 1191 314 1235 quae
343 1176 514 1219 Photius
542 1188 616 1232 pro
656 1176 896 1229 synonymis
927 1174 1050 1217 habet
1080 1175 1211 1218 σῦλαι
1241 1172 1290 1218 αἱ
1321 1174 1527 1232 συλήσεις
1555 1178 1681 1236 παρὰ

208 1242 512 1301 Δημοσθένει,
549 1240 737 1284 nonnihil
772 1241 879 1284 inter
907 1254 952 1284 se
993 1240 1182 1284 differunt
1213 1247 1253 1284 et
1287 1243 1423 1298 magis
1452 1244 1577 1287 etiam
1606 1243 1683 1299 ε’μ-

208 1308 326 1366 πολή
349 1306 605 1363 ἑμπόλησις,
633 1304 778 1363 τρύπη
801 1305 1028 1363 τρύπησις,
1058 1305 1153 1363 εἷ’λη
1176 1305 1281 1365 (ἴλη)
1302 1306 1481 1364 εἶ’λησις,
1510 1323 1683 1366 quorum

208 1378 381 1421 alterum
410 1388 519 1423 rem,
562 1373 734 1429 alterum
765 1375 968 1417 actionem
999 1374 1225 1429 significat,
1266 1371 1473 1432 ἆντιβολή
1509 1372 1684 1431 ἆντιβό-

207 1446 346 1500 λησις,
377 1442 451 1484 sed
474 1437 717 1496 ἆπεμπολή
741 1446 780 1482 et
802 1437 1117 1496 ἇπεμπόλησις
1146 1453 1317 1497 cumque
1349 1441 1526 1486 diversis
1558 1456 1683 1499 prae-

203 1508 478 1567 positionibus
509 1508 738 1563 composita
775 1502 1013 1563 ἇμφιπολή
1055 1507 1327 1564 περιπορεία
1355 1506 1452 1551 ΕΜ.
1484 1515 1525 1552 et
1553 1525 1681 1567 περι-

207 1574 399 1632 πόλησις
430 1575 575 1618 eodem
608 1574 703 1616 loco
746 1579 849 1615 sunt.
871 1575 939 1625 ³⁰)
1000 1572 1159 1624 Quibus
1199 1573 1388 1617 omnibus
1417 1576 1682 1620 manifestum

206 1642 248 1685 fit
288 1641 475 1684 Graecos
515 1653 642 1697 saepe
684 1640 847 1696 quidem
886 1637 995 1682 flexu
1034 1642 1152 1684 vocis
1181 1641 1433 1685 ⁴distinxisse
1475 1650 1682 1688 momenta

208 1708 526 1765 significationis
547 1707 621 1750 sed
650 1706 730 1749 hoc
749 1706 971 1749 discrimen
999 1719 1134 1763 neque
1158 1708 1201 1750 in
1226 1708 1529 1752 terminationis
1547 1709 1681 1754 forma

206 1777 383 1832 positum
402 1788 534 1830 neque
563 1780 802 1830 perpetuum
821 1786 955 1829 neque
983 1781 1155 1817 accentu
1184 1774 1350 1818 diverso
1367 1782 1549 1819 notatum
1570 1790 1680 1821 esse.

205 1841 322 1885 Haec
350 1841 474 1898 paulo
504 1841 637 1883 fusius
667 1839 872 1882 edisserui
912 1842 1010 1896 quia
1050 1854 1155 1896 quae
1185 1840 1518 1886 Hemsterhusius
1549 1843 1682 1887 attulit
1726 1837 1728 1881 l

208 1908 262 1951 ad
296 1908 442 1951 Thom.
471 1907 566 1949 127.
596 1918 805 1963 perpauca
834 1913 927 1948 sunt
956 1914 995 1949 et
1026 1909 1159 1950 minus
1191 1909 1393 1965 apposita.
1414 1910 1482 1963 ³¹)

319 1986 355 2038 ξ.
389 1985 427 2026 7.
486 1982 900 2039 Aparaschematista
939 1985 1027 2038 eJus
1062 1987 1252 2039 generis,
1284 1986 1394 2042 quod
1423 1999 1515 2030 cum
1537 1986 1678 2030 verbis

206 2053 495 2106 cognationem
529 2050 674 2100 habet,
710 2049 908 2105 pleraque
939 2056 1119 2104 oxytona
1149 2057 1241 2093 sunt
1277 2065 1361 2094 non
1397 2052 1530 2095 solum
1570 2066 1677 2109 quae

205 2120 409 2161 actionem
440 2114 674 2171 significant
706 2115 780 2157 sed
811 2115 936 2157 etiam
966 2127 1071 2171 quae
1101 2116 1372 2160 substantiam
1400 2123 1444 2160 ut
1472 2114 1583 2175 ἀκοή
1607 2123 1677 2172 ³²)

205 2186 293 2227 sive
315 2183 365 2226 de
397 2182 605 2225 auditione
629 2181 777 2224 dicitur
805 2183 893 2224 sive
915 2181 965 2223 de
997 2182 1194 2226 auriculis
1217 2196 1256 2226 v.
1275 2182 1460 2227 Meinek.
1491 2184 1545 2227 ad
1561 2183 1675 2229 Gom.

203 2250 256 2293 T.
289 2249 341 2292 II.
368 2250 463 2292 307.
501 2250 596 2291 item
633 2245 754 2306 ταφή
793 2248 1044 2304 sepultarum
1082 2248 1322 2304 significans
1366 2257 1407 2293 et
1445 2250 1676 2308 sepulcrum

201 2330 240 2358 v.
272 2316 325 2359 ad
354 2315 420 2370 Aj.
446 2315 624 2357 v.1090.
655 2312 767 2371 λαβή
798 2316 911 2369 (nam
946 2314 1059 2371 λᾶβη
1091 2328 1118 2358 a
1146 2314 1361 2360 Meinekio
1382 2316 1523 2360 Anall.
1552 2331 1589 2374 p.
1606 2317 1674 2361 84.

291 2441 351 2484 30)
382 2438 558 2484 ’Eumol-⁷5
583 2445 619 2474 et
645 2436 866 2483 ἀναπόλησις
889 2438 1233 2484 paraschemattsmo
1262 2446 1396 2476 carent.

294 2496 354 2541 31)
386 2495 593 2543 Ὀφείλησις
615 2496 709 2531 unde
726 2496 901 2538 sumserit,
927 2495 1072 2536 nesci03
1097 2493 1243 2543 πρόσθη
1269 2501 1304 2531 et
1328 2497 1456 2541 ἐπίκλη
1479 2496 1568 2532 alias
1592 2508 1673 2532 cau-
1725 2529 1728 2532 .

201 2565 261 2588 sas
285 2553 439 2595 habent,
466 2564 554 2598 quas
578 2554 613 2588 in
639 2552 784 2587 Pathol.
809 2552 1004 2598 exquiram.

293 2609 353 2654 32)
390 2609 429 2643 ln
454 2609 685 2655 Hippocratis
709 2609 805 2643 libro
827 2609 950 2655 spurio
976 2608 1021 2643 de
1043 2607 1192 2653 Septim.
1218 2619 1253 2653 p.
1282 2606 1357 2643 165.
1382 2608 1423 2643 Τ.
1447 2607 1474 2644 1.
1498 2607 1604 2645 Lind.
1629 2608 1672 2646 οὐ

201 2669 433 2713 περιῑέτευχα
460 2667 551 2711 τῷδε
581 2668 629 2711 τῷ
661 2663 850 2714 πράγματι
885 2664 1132 2712 ὀφθαλμοῖσι,
1164 2661 1312 2711 ἀκοῄσει
1341 2663 1382 2699 δὲ
1411 2662 1550 2711 μόνον,
1585 2666 1671 2701 scri-

203 2722 357 2758 bendum
381 2722 525 2758 videtur
549 2722 686 2771 ἀκοῇσι.
735 2722 860 2760 Quare
884 2718 1028 2766 ἇκόησις
1053 2720 1089 2755 in
1114 2719 1142 2765 §.
1167 2719 1200 2755 6.
1227 2731 1299 2756 non
1321 2721 1437 2756 retuli.
