1728 3120
390 157 494 202 Cu.
526 157 558 202 1.
617 157 689 201 DE
722 157 922 203 VERBIS
952 158 1126 203 PURIS.
1404 162 1506 210 209

85 294 99 318 ;
125 266 300 327 βόλον
338 269 598 329 ἐκφέρεται,
637 265 735 316 οἷον
772 270 885 316 δαίω
925 269 1111 317 danem·
1152 269 1193 317 εἰ
1234 271 1284 316 δὲ
1320 269 1384 317 ἑνὶ
1411 288 1508 332 φω-

98 364 102 369 ›
145 353 175 388 ι,
205 334 493 392 διπλασιάζει
523 334 678 389 {wa-15⁶1,
708 336 914 394 σβεννύω.
972 338 1063 384 Hoc
1094 336 1259 384 ὄαινύω
1289 340 1379 383 sive
1409 339 1508 385 δαί-

99 435 101 437 -
144 404 322 462 pertinet
349 404 405 448 ad
433 405 596 448 tertium
627 418 783 461 genus,
815 407 931 462 quus
961 406 1042 450 duo
1070 406 1193 450 modo
1224 414 1394 464 praeter
1421 406 1503 452 hoc

76 471 208 531 dupla
226 469 422 528 ψαίνυμι
446 470 497 516 τὸ
515 471 707 528 ψωμίζω
726 471 825 516 Hes.
856 480 897 517 et
921 471 1063 526 εἶνύω,
1095 472 1352 523 καταεινὺω,
1383 472 1508 518 ἐπεί-

80 555 173 598 αι,
209 551 382 616 quorum
411 552 511 583 usus
545 541 711 583 minime
741 541 961 597 frequens,
998 542 1207 598 primitiva
1234 539 1387 598 ψαίω,
1427 539 1504 585 εἵω

117 607 318 664 pomeriis
358 604 486 663 ψάω,
527 605 586 651 ἕω
625 615 722 665 apta
760 608 835 651 sed
872 622 1044 665 prorsus
1085 611 1232 665 ignota
1269 616 1376 652 sunt.
1435 607 1503 651 Ab

106 686 162 717 ιιι
188 686 290 717 vero
321 686 470 717 norma
503 673 673 717 aberrat
700 672 914 730 γάνυμαι,
943 676 1060 732 cujus
1089 676 1266 719 futurum
1292 672 1506 731 γανύσσο-

58 743 62 750 ‘
127 746 168 783 et
197 741 380 784 aoristus
404 737 640 796 Ἐγάνυσαν
669 739 922 798 ἐκόσμησαν
948 745 1139 800 χαρῆναι
1167 742 1386 801 ἐποίησαν
1404 741 1504 786 Hes.

24 721 82 891 ἓ
65 819 302 866 praesens
332 807 478 864 γανύω
517 815 744 866 respectat,
784 808 865 853 hoc
895 816 1050 859 autem,
1093 811 1129 853 si
1162 812 1273 854 viam
1303 810 1505 854 directam

105 875 240 924 ·'‚mur
274 875 328 918 ad
347 874 484 931 γαίνω
514 882 556 918 ut
575 874 718 920 τανύω
748 876 802 919 ad
819 875 947 920 τείνω
979 876 1196 932 (τιταίνω)
1227 876 1302 920 sed
1333 877 1504 921 demon-

125 942 142 985 i
175 941 280 985 nihil
317 949 452 1000 potest
485 950 653 1000 praeter
694 941 820 997 γαίω.
890 942 1090 995 Quartum
1129 957 1262 999 genus
1309 945 1440 987 oritur
1476 957 1505 987 a

100 1009 156 1052 ·is
184 1023 270 1054 non
304 1011 420 1067 puris
457 1023 540 1067 qua
572 1011 737 1053 usitatis
776 1023 860 1066 qua
895 1011 1160 1066 imaginariis
1196 1007 1303 1067 olym
1343 1007 1504 1066 οἶγνύω

23 1043 49 1106 ᾗ
43 1090 201 1132 ζγνυμι,
231 1076 383 1122 πλέκω
401 1075 628 1132 πλὲγνυμι,
660 1073 774 1133 ἔργω
794 1074 984 1135 ἔργνυμι,
1015 1074 1153 1135 φώγω
1171 1074 1360 1136 φωγνύω
1381 1075 1504 1135 φώγ-

22 1116 65 1178 ,ν
99 1138 346 1199 ι-ὂὶγνυμι
368 1139 634 1198 (καταγνύω)
659 1140 856 1193 δεικνύει),
874 1141 1055 1199 μιγνύω,
1078 1141 1277 1200 ζευγνύω,
1306 1141 1502 1201 πηγνύω,

22 1183 30 1227 ³
63 1205 298 1267 λήγνυμι,
328 1206 512 1267 ῥηγνύω,
545 1206 1050 1267 φράγνυμι-οἶχνιμαι,
1082 1212 1300 1265 δέχνυμαι,
1331 1225 1503 1267 quorum

51 1276 60 1283 ”
95 1275 194 1320 ium
227 1289 416 1321 consona
443 1276 690 1334 principalis
720 1290 743 1320 e
773 1291 945 1322 numero
977 1285 1040 1321 est
1069 1279 1360 1334 gutturalium3
1400 1278 1502 1322 den-

20 1319 375 1402 Μ*’“ειι1ι,ῇιιιι(>ιιιιιι
405 1359 502 1390 esse
531 1347 864 1390 terminationem
890 1337 994 1402 ν-υἶι
1022 1361 1104 1392 ιιιιο
1124 1347 1313 1406 exemplo
1345 1361 1500 1404 cogno-

19 1412 79 1480 isis-⁹
104 1425 143 1456 r
183 1411 263 1467 ἵζω
306 1412 599 1470 καθίγνυμαι,
651 1412 975 1470 ἑγκαθίγνυμαι
1024 1422 1064 1458 et
1110 1415 1502 1474 προςκαθίγνυμαι

43 1493 205 1538 ·,·pocr.
236 1487 277 1524 et
291 1482 407 1526 Aret.
435 1479 665 1524 labialibus
686 1494 895 1538 nunquam
923 1482 1154 1534 adhibetur,
1183 1484 1347 1526 nonita
1373 1495 1502 1541 saepe

58 1572 60 1579 ι
80 1547 183 1599 ,ἰᾱὶε
213 1544 382 1602 ὀμνύω,
411 1545 606 1605 θορνύω,
631 1543 797 1604 ὂρνύω,
827 1544 1033 1606 ἄρνυμαι,
1067 1547 1333 1606 πτάρνυμαι,
1367 1563 1501 1607 eaque

37 1631 71 1663 ιτ
113 1616 239 1658 etiam
272 1610 433 1668 ἷίλλυμι
470 1620 602 1657 ortum
630 1621 775 1671 putant
803 1628 855 1658 ex
884 1611 1042 1669 ὅλνυμι
1073 1629 1339 1668 conversum,
1377 1630 1503 1674 quam

29 1681 362 1743 “similationem
398 1694 482 1725 non
523 1694 680 1725 summe
718 1684 1007 1726 necessariam
1041 1683 1175 1726 fuisse
1209 1683 1411 1741 probatur
1437 1685 1502 1727 in-

28 1769 75 1801 ··;
107 1763 132 1794 0
170 1748 404 1805 πίλναμαι.
426 1751 491 1803 ¹¹)
557 1748 712 1793 Horum
750 1749 986 1806 prototheta
1022 1751 1171 1808 partim
1210 1764 1312 1794 usus
1357 1764 1504 1810 repro-

24 1814 27 1815 ’
68 1818 129 1862 vit
150 1818 299 1875 partim
325 1818 454 1868 ratio,
496 1817 573 1860 sed
600 1829 686 1860 una
713 1822 932 1860 tenuerunt
966 1814 1072 1861 εἷ’λω
1102 1825 1143 1861 et
1179 1815 1312 1862 εἶλύω
1343 1820 1502 1863 omisso

30 1914 57 1945 ,¹
94 1885 135 1929 ὀ
163 1881 324 1939 εἷ’λυμι,
352 1897 450 1927 nam
473 1881 621 1928 εἴλυτο
652 1890 965 1928 controversum
994 1892 1058 1928 est
1081 1899 1120 1929 v.
1153 1885 1208 1928 ad
1227 1884 1376 1930 Buttm.
1404 1900 1444 1944 p.
1461 1887 1501 1930 7.

26 1951 287 2015 71'1'darum
314 1952 440 1995 tertia
466 1952 674 1994 invenitur
699 1952 745 1994 in
771 1965 853 1996 uno
885 1947 976 1995 ὂῖνω
1008 1947 1126 1995 ἀνύω
1158 1947 1336 2006 ἶίνυμαι.
1394 1953 1503 1997 Nam

40 2048 60 2067 2
90 2035 225 2074 νυμαι
255 2017 525 2062 Grammatici
559 2018 725 2076 quidem
755 2019 1018 2063 consentiunt
1046 2031 1074 2061 a
1103 2017 1238 2062 καίνω
1272 2019 1500 2064 derivatum

14 2059 107 2136 ’,ῥα
141 2087 220 2132 sed
247 2085 498 2143 significatio
521 2098 666 2143 parum
696 2085 860 2130 similis.
919 2084 1151 2130 Verborum
1173 2084 1321 2141 τίνυμι
1349 2092 1391 2131 et
1410 2086 1503 2132 κτί-

16 2143 119 2220 §fu
143 2162 185 2199 et
213 2155 420 2211 scriptura
438 2152 608 2197 fluctuat
637 2159 678 2196 et
696 2153 951 2210 disceptatur
969 2153 1186 2197 derivatio.
1229 2152 1503 2199 Buttmannus

101 2218 258 2274 αζόω
300 2217 486 2274 ζώννυμι
525 2221 589 2263 sic
631 2232 658 2263 a
695 2219 775 2263 τίω
815 2218 985 2273 τίννυμι
1027 2227 1302 2278 propagatum
1345 2229 1502 2266 censet.

20 2301 168 2333 erum
193 2286 415 2332 verborum
444 2299 659 2343 purorum,
698 2300 814 2343 quae
839 2288 1061 2344 ancipitem
1099 2289 1142 2330 in
1170 2288 1399 2344 penultima
1425 2287 1503 2334 ha-

21 2350 135 2408 Αἰή,
171 2354 332 2399 nullum
359 2353 440 2397 huc
469 2352 671 2397 deflexum
706 2355 935 2411 reperimus
965 2360 1006 2397 et
1036 2352 1162 2412 δίκην
1197 2352 1318 2407 τινύς
1343 2370 1504 2414 nequa-

13 2444 45 2466 i'
71 2438 141 2469 am
169 2423 281 2467 idem
311 2420 422 2479 quod
450 2419 556 2464 τίων
577 2420 786 2477 significat
818 2421 894 2464 sed
926 2427 990 2464 est
1018 2419 1147 2465 τίνων
1174 2435 1353 2479 poenam
1383 2424 1503 2476 dans,

56 2505 94 2536 ·c
120 2489 298 2544 τ’ίνυμαι
315 2489 427 2533 idem
454 2487 566 2532 valet
594 2488 703 2544 quod
733 2487 888 2542 τίομαι
915 2487 1003 2539 sed,
1036 2495 1077 2531 ut
1105 2487 1294 2542 τίνομαι,
1324 2504 1503 2548 poenam

53 328 65 356 l

15 2651 49 2704 ’,ᾗ
108 2659 168 2706 11)
203 2657 422 2704 Conjunctio
443 2658 628 2694 literarum
651 2660 696 2693 λν
715 2658 827 2693 latino
841 2657 1001 2693 sermoni
1027 2657 1125 2692 licita
1145 2657 1279 2702 (alnus,
1303 2657 1401 2701 ulna,
1427 2657 1503 2692 bal·

14 2716 139 2766 fiam)
163 2729 187 2752 a
209 2715 470 2752 consuetudine
495 2726 628 2762 graeca
652 2715 807 2751 alienior
826 2715 912 2758 suit‚·
948 2725 1030 2749 nam
1064 2716 1246 2760 πίλναμαι
1276 2719 1391 2749 totum
1416 2725 1504 2760 poe·

14 2770 121 2828 ,Qum
143 2780 211 2810 est.

15 2827 42 2834 '¹
83 2830 248 2859 Lobeek.
280 2827 422 2856 Technol.
1171 2825 1228 2870 14
