1728 3120
202 188 248 232 P.
263 187 333 233 111.
366 187 480 232 C.ll.
527 188 598 232 DE
631 188 825 233 NOMIN.
855 188 1022 233 TERT.
1050 189 1210 234 DECL.
1244 189 1298 233 IN
1327 182 1378 234 ὦ.
1438 195 1537 241 325

8 283 16 322 ’ἶ
39 312 61 347 „2
135 301 210 346 40.
234 302 302 357 ¹⁰)
361 301 449 347 Sed
467 315 542 361 pro
565 302 714 357 λεχώς,
746 304 856 361 quod
876 310 915 347 et
947 304 1084 358 λεχῶς
1112 318 1406 363 nonnunquam
1431 307 1537 350 scri-

87 372 156 413 'r
194 367 352 414 Charit.
388 369 459 415 111.
485 370 533 423 8,
564 371 632 415 76.
690 371 860 415 Aelian.
899 371 948 414 H.
979 373 1087 416 Ann.
1118 371 1148 415 Ι.
1180 371 1246 416 14.
1305 372 1535 417 Dorvillius

12 435 13 438 ’
63 435 76 493 '3
109 436 207 481 898.
237 443 279 481 01
301 435 528 482 Jaoohsius
556 451 595 496 p.
615 438 681 481 16.
711 439 951 496 praeferunt
981 438 1106 494 λεχώ,
1139 441 1330 498 idemque
1361 441 1430 484 vel
1460 442 1536 484 λο-

4 510 12 519 ’”
48 519 122 578 -τςις
150 506 375 562 scripsisse
402 505 568 549 videtur
595 504 899 564 Moschopulus
931 510 974 550 in
1006 507 1237 565 Schedogr.
1266 522 1304 566 p.
1322 509 1389 552 72
1421 506 1533 563 λεχώ

0 586 4 599 ·
79 569 369 629 γεννήσασα
367 568 569 623 &tumg-
577 571 725 638 ‚y‘y'ug
754 573 878 628 λεχός
915 575 1089 631 λέγεται
1125 579 1283 627 κοινῶς
1306 582 1534 633 praeeunte

1 641 7 649 ¹
33 676 38 681 ,
71 658 107 677 ..ι
130 638 236 682 ¹ride
265 636 403 693 Λεχώ
437 636 636 691 ἀττικιῦς,
667 640 796 695 λόχος
827 640 1078 699 ἑλληνικῶς,
1107 643 1179 686 11111
1202 642 1429 687 Piersonus
1460 644 1534 687 λο-

0 729 2 745 2
36 714 120 769 [ς
151 706 340 764 scripsit,
379 705 455 750 illo
492 713 632 751 tamen
674 715 850 753 accentu
885 716 1068 754 notatum
1107 717 1172 754 est
1208 713 1364 768 στεῖρα
1403 708 1534 766 λόχος

2 780 47 808 ¹·!
91 771 228 817 aneth.
257 770 307 816 V.
331 773 428 817 330.
454 779 519 828 ιι)

0 849 3 881 2
29 847 75 914 11,
154 839 192 896 §.
222 841 262 883 5.
322 839 516 899 Sapphus
546 857 697 887 nomen
726 846 809 888 nisi
841 846 1008 889 omnino
1037 859 1213 902 peregre
1242 847 1285 889 in
1307 845 1532 890 Graeciam

0 884 164 962 {Min
195 920 222 951 a
249 905 404 966 σαφής
431 916 473 953 111
492 909 761 956 Grammatici
792 912 959 955 tradunt
986 911 1082 955 EM.
1105 912 1202 965 708,
1226 913 1294 956 19.
1325 913 1531 969 originem

0 979 3 1002 5
24 987 43 1011 ἰ)
67 1001 73 1006 .
94 988 198 1020 ·ere
214 975 390 1020 videtur.
442 975 531 1022 Nec
546 985 686 1022 tamen
706 981 887 1023 omnium
908 986 1046 1035 etyma
1064 981 1242 1023 inveniri
1260 993 1387 1038 posse
1406 993 1529 1038 spero

96 1044 292 1086 >minime
332 1043 566 1088 divinorum
603 1048 826 1090 nominum.
885 1045 1041 1090 Horum
1080 1046 1424 1091 obscurissimum
1466 1055 1531 1090 est

0 1142 1 1145 ,
28 1102 75 1167 ,ῥ’
91 1106 183 1167 ητώ
217 1109 270 1153 de
304 1123 390 1168 quo
418 1109 514 1161 EM.
537 1112 636 1165 564,
667 1114 734 1156 19.
773 1111 796 1157 ὃ
827 1113 908 1166 μὲν
937 1112 1129 1157 Πλάτων
1164 1114 1302 1172 φησὶν
1337 1113 1528 1171 ἐλεητώ·

31 1197 64 1206 ..
89 1174 239 1235 εήμων
272 1176 357 1235 γὰρ
397 1174 424 1237 ἦ
463 1177 600 1231 θεός·
644 1178 668 1224 ὃ
710 1181 760 1226 δὲ
791 1177 1084 1238 Ἀρίσταρχος
1121 1180 1249 1237 παρὰ
1286 1181 1336 1225 τὸ
1375 1183 1440 1225 λῶ
1479 1181 1529 1226 τὸ

24 1243 187 1305 ψέλια,
228 1244 304 1288 sed
331 1257 484 1289 vereor
509 1259 562 1290 ne
592 1247 727 1291 fallat.
787 1246 892 1291 Nam
931 1248 1041 1305 quod
1070 1247 1235 1292 Platoni
1272 1248 1433 1298 tribuit,
1474 1249 1527 1292 ab

34 1307 118 1366 Duc
135 1324 220 1356 non
238 1311 391 1356 dictum
408 1320 496 1364 est3
525 1315 634 1371 quod
651 1315 912 1365 Aristarcho,
942 1315 1063 1359 Plato
1082 1317 1296 1373 proposuit
1312 1329 1395 1359 non
1415 1319 1528 1360 serio

31 1373 115 1424 ”Ded
144 1391 220 1436 per
245 1379 387 1423 ludum
417 1381 654 1438 Jocumque.
712 1382 980 1426 Probabilius
1011 1390 1075 1426 est
1103 1381 1212 1439 Δηώ
1243 1383 1354 1426 idem
1382 1384 1527 1427 valere

34 1440 148 1505 Quod
177 1446 254 1503 ἆῆ,
283 1445 514 1505 Δημήτηρ.
568 1447 702 1492 Ἐνυώ
734 1464 854 1505 quam
884 1449 1144 1495 Hermannus
1176 1449 1328 1507 Opusc.
1350 1450 1399 1494 ΙΙ.
1434 1451 1528 1495 1³30.

35 1501 294 1559 hundonam
331 1516 627 1573 interpretatur
664 1519 785 1574 quasi
830 1517 882 1560 ab
916 1517 1024 1561 §vum
1064 1518 1218 1576 impluo
1259 1520 1526 1569 nominatam,

35 1587 200 1627 veteres
231 1581 462 1640 Simplicius
493 1583 621 1640 παρὰ
650 1585 700 1627 τὸ
734 1584 816 1627 ἕνα)
847 1584 896 1627 τὸ
929 1583 1126 1640 φονεύω,
1164 1599 1242 1629 nec
1273 1589 1381 1629 enim
1414 1587 1529 1630 aliud

34 1649 245 1706 ¹reperitur
263 1662 415 1692 nomen
435 1663 461 1693 a
478 1651 608 1695 verbo
631 1654 860 1708 composito
883 1653 1124 1696 derivatum.
1171 1652 1394 1706 Κοκκυμώ
1414 1653 1530 1698 Plia-

36 1717 103 1761 dis
133 1730 287 1761 nomen
305 1714 449 1760 Schol.
469 1717 650 1762 Theocr.
671 1717 786 1762 XIII.
809 1720 876 1764 25.
908 1722 1048 1777 specie
1078 1721 1200 1765 modo
1220 1735 1303 1764 non
1322 1724 1529 1766 sententia

35 1786 231 1833 convenit
269 1797 361 1828 cum
390 1782 568 1837 Κόκκυς
599 1784 745 1843 λόφος
778 1787 875 1831 Hes.
909 1802 988 1831 nec
1019 1790 1186 1832 omnino
1225 1791 1435 1844 cognitum
1465 1798 1529 1834 est

18 1851 356 1910 antiquioribus
387 1854 456 1908 qui
486 1852 613 1909 longe
645 1854 733 1898 alia
762 1854 976 1911 Pleiadum
1003 1857 1173 1899 nomina
1200 1857 1377 1900 tradunt.
1437 1860 1530 1901 Πε-

36 1917 197 1978 φρηδώ
226 1917 488 1963 Hermannus
518 1920 546 1963 l.
569 1935 603 1964 c.
633 1921 727 1964 180.
758 1923 894 1966 reddit
914 1925 1173 1978 Auferonam
1199 1924 1371 1968 averbo
1389 1926 1526 1983 φρέω,

36 1989 107 2032 oui
149 1986 287 2030 simile
319 1987 445 2045 θρέω
477 1988 731 2045 appellativo
761 1989 1018 2047 τενθρηόιόν
1053 1991 1225 2047 subjeci.
1286 1991 1392 2034 Hinc
1430 1991 1530 2034 sub-

24 2062 134 2116 ,ount
158 2055 261 2099 illae
285 2057 587 2111 gynaeciorum
615 2069 753 2112 nugae
777 2054 922 2100 Ἀκκώ
955 2058 1028 2101 καὶ
1051 2056 1251 2115 Ἀλφιτιό
1283 2056 1349 2101 δι’
1385 2053 1444 2101 ὧν
1473 2061 1529 2102 τὰ

35 2120 265 2180 παιδάρια
291 2124 373 2165 τοῦ
399 2124 686 2176 κακοσχολεῖν
719 2120 971 2180 ἀνείργουσι
1000 2139 1038 2167 v.
1065 2125 1249 2168 Meinek.
1282 2125 1385 2168 Hist.
1411 2125 1527 2170 Com.

18 2189 135 2237 04⁰5.
194 2188 366 2247 Alphito
397 2190 562 2246 quidem
593 2190 803 2233 aniculam
841 2192 1078 2246 significare
1109 2207 1235 2250 posse
1266 2193 1416 2237 docent
1445 2193 1530 2238 He-

20 2256 175 2313 »sychu
212 2256 347 2300 verba
379 2253 686 2313 Ἀλφιτόχρως
724 2255 876 2301 πολιά.
942 2257 1099 2301 Sociae
1140 2262 1230 2315 ejus
1269 2260 1386 2304 Acco
1429 2275 1529 2305 con-

20 2337 186 2369 ’1111111111
202 2324 449 2380 adJectivum
468 2323 579 2366 idem
599 2324 831 2381 suppeditat
849 2322 1008 2375 Ἀκκός
1024 2323 1327 2384 παράμωρος·
1356 2328 1532 2384 λέγεται

47 2487 53 2490 -
134 2461 191 2507 10)
226 2462 395 2497 Philotae
422 2462 541 2503 uerba
570 2474 593 2497 a
616 2461 759 2497 Bachio
792 2463 927 2497 omissa
959 2461 1083 2508 ἀγαθὴ
1110 2463 1151 2498 δ’
1188 2465 1248 2499 ἐπὶ
1282 2462 1413 2509 ἤθεσιν
1437 2466 1529 2502 aldai

28 2519 324 2563 „Choeroboscus
359 2519 525 2555 servavit
549 2519 644 2555 Dict.
671 2519 749 2556 360.
780 2531 801 2554 a
834 2531 906 2565 quo
939 2521 1065 2555 sumsit
1096 2519 1269 2557 Lascaris
1294 2522 1452 2559 Gramm.
1478 2524 1530 2559 lit.

19 2572 85 2613 TE.
107 2576 173 2613 fol.
199 2577 233 2613 7.

134 2633 193 2679 ll)
226 2633 385 2670 Dativus
413 2638 492 2674 ταῖς
513 2636 635 2681 λοχοῖς
660 2634 696 2669 in
725 2632 953 2669 Dioscoridis
977 2634 1074 2678 loco,
1104 2635 1163 2679 qui
1187 2635 1223 2669 in
1253 2635 1402 2673 Lexicis
1427 2638 1532 2674 affer-

17 2679 110 2736 Jm,
135 2691 239 2727 unius
264 2691 392 2726 literae
410 2690 645 2727 inclinatione
670 2692 705 2726 in
724 2694 844 2737 λεχοῖς
867 2690 963 2725 verti
984 2696 1121 2737 potest,
1146 2702 1216 2736 quo
1243 2692 1368 2730 dativo
1388 2695 1531 2732 Psellus

30 2746 88 2784 10
111 2745 267 2795 operat.
294 2747 413 2785 daem.
438 2760 476 2795 p.
493 2748 550 2785 29.
579 2750 637 2784 ed.
662 2748 785 2784 Boiss.
812 2754 847 2783 et
872 2748 932 2783 alii
950 2753 1108 2783 utuntur.
1155 2748 1189 2783 Α
1212 2748 1419 2789 rhetoribus
1444 2763 1531 2800 poe-

41 2803 114 2843 &oe
136 2803 371 2850 loquentibus
396 2807 526 2852 λεχωίς
547 2818 616 2853 pro
638 2804 751 2853 λεχώς
775 2806 897 2842 dicere
924 2816 997 2842 non
1022 2806 1180 2853 alienum
1206 2815 1274 2845 est.
