1728 3120
244 184 341 230 186
702 174 1172 221 DISSERTATIO
1216 177 1271 221 X.

240 289 484 336 mitescendi
503 288 724 337 notionem,
754 300 861 343 quae
884 287 1094 332 homerico
1121 289 1249 334 verbo
1269 290 1550 346 subiecta-cst,
1577 289 1694 349 ἧπιιὶ

238 362 353 402 σθαι
391 361 430 397 et
467 350 722 411 ἦπιοῦσθαι
751 355 907 410 pariter
941 357 1200 400 conveniunt.
1257 355 1459 406 Δυόωσι,
1501 357 1611 414 quod
1650 358 1681 401 it

238 426 556 479 interpretantur
587 417 652 471 εἷς
682 417 788 476 ὁύην
829 417 1005 476 ἄγουσι,
1043 430 1210 480 propter
1236 422 1344 467 hanc
1383 423 1611 468 factitivam
1640 438 1695 481 po

238 495 430 533 testatem
461 486 719 544 probabilius
751 487 806 530 ad
837 486 954 531 δυόω
983 489 1160 533 refertur
1189 502 1311 546 quam
1339 490 1392 534 ad
1423 487 1559 534 δυάω.
1616 489 1700 534 Ver

238 555 375 599 simile
405 561 469 597 est
494 553 601 597 haec
626 555 765 598 omnia
795 554 848 598 ab
879 556 1058 612 antiquis
1075 555 1366 600 Grammaticis
1393 557 1559 605 curiose
1585 571 1693 614 quae

238 625 323 666 sita
351 628 390 664 et
422 621 629 677 disputata
661 633 770 671 esse,
802 622 877 664 sed
901 622 1027 665 nobis
1056 622 1160 665 nihil
1187 622 1363 680 amplius
1391 624 1566 667 innotuit
1591 637 1674 681 qua

237 690 342 733 illud
376 687 649 731 minusculum
679 687 1012 732 adnotamentum
1042 688 1186 733 Schol.
1210 688 1259 732 Π.
1289 688 1359 732 ΠΙ.
1379 689 1477 734 266.
1511 686 1603 734 ἀπὸ
1636 707 1686 735 τι»

236 753 398 810 στιχόω
420 751 644 808 ἐστιχόουν
670 755 768 807 (sic)
790 753 1068 808 ἐστιχώμεθα
1090 756 1188 808 (sic)
1209 753 1488 810 ἐστιχόωντο·
1520 758 1586 800 cui
1617 770 1695 800 coll

237 824 410 866 trariam
449 822 694 864 sententiam
731 821 940 877 profitetur
968 820 1208 865 Eustathius
1239 835 1277 878 p.
1308 820 1404 874 179,
1432 821 1500 865 34.
1542 819 1604 874 ὡς
1634 839 1685 868 το

237 889 394 944 στείβω
425 886 449 932 ὁ
481 885 689 944 ἀόριστος
715 885 887 942 ἔστιβον
917 887 992 930 καὶ
1017 888 1188 941 μέλλων
1217 885 1422 945 δεύτερος
1449 891 1598 944 στιβῶ,
1629 885 1693 946 ἀφ

237 950 288 1000 οἷν
322 954 371 1007 ἐξ
399 951 653 1011 ἆναδρομῆς
677 953 861 1004 ἐνεστὼς
888 954 1096 1010 δευτέρας
1125 954 1331 1010 συζυγίας
1363 951 1387 998 ὃ
1418 957 1570 1010 στιβῶ,
1598 953 1676 1000 οῧτ

236 1021 392 1076 στείχω
430 1022 563 1074 στιχιῦ
603 1019 859 1073 ἐστιχόωντο
899 1026 939 1062 et
982 1018 1137 1063 Suidas
1179 1015 1495 1078 Hesychiusque
1537 1018 1695 1075 Στιχοὶε

236 1086 499 1145 πορεύεται,
531 1087 639 1143 quod
668 1086 849 1130 fortasse
878 1092 1092 1143 poetarum
1122 1088 1330 1144 epicorum
1360 1087 1513 1144 aliquis
1543 1100 1694 1145 scrupu

235 1157 330 1199 loso
361 1154 426 1197 illi
466 1150 721 1206 ὁμοστιχάει
760 1153 1021 1196 assimilavit.
1078 1153 1178 1196 Alia
1214 1155 1519 1210 conjugationis
1554 1154 1679 1198 indici

236 1223 396 1272 desunt,
422 1233 555 1276 neque
579 1225 862 1274 argumentum
889 1219 1061 1276 praebet
1080 1219 1352 1275 significati03
1381 1233 1478 1264 nam
1504 1218 1694 1275 στιχόωσ

225 1284 278 1332 ¹et
316 1289 366 1331 de
406 1286 595 1330 euntibus
636 1286 784 1329 dicitur
813 1284 938 1343 Orph.
967 1285 1076 1330 Lith.
1106 1286 1203 1329 269.
1241 1286 1406 1331 Mosch.
1436 1286 1489 1330 IL
1516 1287 1612 1330 138.
1641 1286 1694 1330 ub

237 1355 476 1400 Meinekius
514 1366 565 1395 ex
603 1354 765 1409 optimis
796 1353 915 1395 codd.
946 1351 1166 1406 στείχουσι
1195 1355 1400 1410 reposuit,
1435 1359 1476 1398 et
1506 1353 1557 1397 de
1587 1353 1690 1397 rehu

235 1435 342 1480 quae
384 1418 496 1463 κατὰ
539 1418 684 1472 στίχον
720 1419 954 1462 collocatae
992 1426 1084 1462 sunt
1114 1419 1250 1476 φηγοὶ
1289 1415 1364 1463 ἐπ’
1406 1415 1542 1477 ἀκτῆς
1571 1417 1686 1476 ἐξείη

234 1486 444 1543 στιχόωσι
473 1485 669 1543 Apollon.
700 1485 730 1527 Ι.
760 1486 828 1528 30.
870 1485 915 1528 ἐν
953 1485 1002 1529 δὲ
1037 1484 1187 1543 γενείῳ
1217 1485 1462 1542 τρίστοιχοι,
1495 1483 1689 1544 ἑκάτερθ·

234 1550 575 1611 περιστιχόωσιν
609 1548 789 1603 ὀδόντες
826 1551 917 1595 Nic.
950 1551 1029 1594 Th.
1059 1550 1156 1594 442.
1198 1550 1690 1609 νῆες-περιστιχόωσι

235 1618 474 1677 ἀμοιβαδὶς
511 1615 702 1673 γείτονες
745 1614 962 1677 ἀλλήλῃσι
1001 1617 1134 1661 Nonn.
1174 1616 1331 1660 XXVI.
1363 1619 1460 1661 222.
1499 1625 1686 1677 utrumqu

235 1699 469 1743 congruens
508 1685 720 1728 homerico
765 1683 1038 1739 ἐστιχόωντο.
1096 1684 1142 1728 Id
1182 1685 1392 1728 secundae
1431 1687 1683 1742 conjugatioi

234 1752 534 1799 attribuendum
559 1752 744 1804 videtur3
783 1765 862 1795 nec
891 1753 1046 1804 minus,
1085 1752 1193 1809 quod
1227 1751 1358 1795 semel
1384 1751 1554 1808 legitur,
1584 1752 1688 1811 ἔχρη

234 1818 417 1879 γορόων,
449 1820 528 1862 etsi
558 1815 813 1877 ἐγρηγοράω
843 1833 927 1862 non
956 1819 1092 1875 magis
1121 1825 1260 1862 notum
1287 1825 1352 1861 est
1377 1831 1500 1876 quam
1530 1815 1685 1876 ἓγρηγο

236 1886 350 1945 ρόω,
389 1886 464 1929 sed
502 1885 636 1929 solum
670 1885 916 1942 ἒγρηγορέω
955 1893 995 1928 et
1031 1886 1074 1928 id
1113 1885 1222 1942 apud
1257 1886 1481 1943 scriptores
1517 1899 1601 1930 non
1635 1885 1689 1929 ad

233 1954 398 1997 modum
428 1953 632 2008 antiquos.
683 1949 956 2007 Ἀγριόωντα
983 1955 1146 2007 ταῦρον
1174 1952 1217 1995 id
1238 1959 1300 1995 est
1325 1952 1592 1997 ferocientem
1608 1951 1696 2010 Opp

233 2017 515 2075 Gyn.11.49.
554 2031 628 2074 pro
668 2030 748 2073 quo
780 2018 823 2059 in
861 2018 1072 2076 nonnullis
1103 2018 1220 2061 codd.
1260 2026 1300 2061 et
1338 2018 1430 2061 edd.
1470 2017 1710 2075 ἀγριάοντα

232 2089 427 2143 scriptum
463 2090 546 2134 est,
577 2085 620 2125 in
650 2082 778 2126 Thes.
807 2097 1022 2140 perperam
1057 2084 1113 2128 ad
1142 2080 1310 2142 ἅγριόω
1342 2085 1529 2128 refertur.
1588 2090 1709 2144 Κρο-

235 2151 374 2198 κόωσι
405 2154 448 2193 in
467 2163 592 2194 versu
608 2149 802 2205 Dionysii
833 2164 959 2207 supra
988 2151 1041 2194 ad
1066 2149 1240 2206 κροκόω
1260 2153 1470 2204 revocavi,
1499 2153 1575 2196 sed
1605 2169 1709 2209 κρο-

235 2218 422 2270 κόωντες
452 2215 668 2273 κόρυμβοι
688 2215 780 2260 Nic.
800 2215 865 2260 Fr.
883 2216 931 2259 ΙΙ.
967 2231 1088 2274 quum
1115 2230 1190 2273 pro
1208 2217 1481 2272 κροκίζοντες
1507 2219 1576 2263 vel
1606 2235 1708 2276 κρο-

235 2283 408 2336 κόεντες
435 2285 612 2341 positum
635 2284 700 2334 sit,
731 2285 1040 2327 convenientius
1069 2283 1232 2327 videtur
1245 2283 1374 2327 verbo
1406 2282 1596 2341 κροκάω,
1626 2299 1706 2342 quo

233 2353 362 2396 Thes.
403 2357 529 2394 caret.
587 2349 831 2405 Hujusmodi
865 2350 1149 2407 captiunculas
1187 2350 1260 2394 ille
1296 2351 1499 2408 plurimas
1533 2351 1706 2408 objecit:

232 2419 340 2463 ὅταν
369 2416 583 2475 σκιρόωσι
611 2416 680 2460 vel
715 2414 936 2474 σκυρόωσι
964 2415 1068 2472 βόες
1097 2416 1222 2460 Ther.
1252 2418 1320 2461 75.
1353 2431 1380 2461 a
1405 2418 1535 2462 verbo
1563 2420 1706 2474 ignoto

233 2487 390 2543 σκιρᾷν
421 2484 490 2528 vel
531 2485 731 2540 σκιροῢν,
771 2483 932 2540 duoque
969 2497 1201 2539 synonyma
1237 2482 1459 2528 σκοτόωσι
1485 2485 1608 2528 Alex.
1637 2485 1704 2528 35.

231 2566 304 2609 pro
346 2553 605 2595 σκοτοῢνται
644 2553 732 2594 sive
770 2550 1079 2594 σκοτοδινιῶσι
1115 2552 1291 2606 positum
1323 2557 1363 2594 et
1402 2548 1706 2606 ὑποζοφόωσα

233 2615 342 2676 οὗρή
373 2631 447 2674 pro
479 2615 702 2674 ζοφόεσσα
729 2616 797 2659 vel
830 2614 1063 2674 ζοφοειὸής
1088 2615 1214 2660 Ther.
1230 2617 1324 2660 337.
1355 2612 1533 2675 'Quippe
1566 2618 1706 2677 ζοφᾷν

232 2693 273 2728 et
301 2686 463 2741 σκοτᾷν
492 2697 575 2727 non
597 2683 788 2738 leguntur
807 2682 923 2734 alibi,
954 2684 1116 2740 ζοφοῦν
1137 2691 1270 2726 autem
1301 2691 1341 2727 et
1358 2686 1544 2728 σκοτοῦν
1572 2685 1703 2740 signi-

231 2752 465 2794 ficationem
502 2751 802 2793 intransitivam
841 2763 924 2793 non
963 2749 1137 2802 habent3
1175 2751 1249 2794 sed
1292 2750 1473 2794 fortasse
1511 2764 1539 2794 a
1581 2757 1705 2808 poeta

232 2818 312 2862 huc
343 2816 504 2861 deflexa
533 2824 625 2860 sunt
652 2823 694 2860 ut
721 2814 942 2868 μελαίνειν
979 2816 1181 2861 interdum
1217 2817 1365 2862 dicitur
1398 2831 1473 2874 pro
1501 2817 1703 2872 μελανεῖν
