1708 3126
193 233 258 278 (30
637 219 1104 266 DISSERTATIO
1147 221 1218 265 111.

191 344 402 399 ipsumque
430 348 457 378 a
486 334 620 391 κῆδος
646 334 842 389 repetitur
870 331 968 376 Sch.
999 331 1074 376 Od.
1098 334 1185 376 VII.
1201 334 1300 378 256.
1331 333 1467 392 inepte
1496 334 1613 393 quid

193 406 266 450 sed
288 412 424 447 tamen
453 407 494 443 ut
510 406 649 456 pateat
669 401 777 442 inter
805 396 975 442 ὁεύκειν
1001 406 1041 443 et
1055 399 1314 459 φροντίζειν,
1345 400 1628 455 ἔπιμελεῖσ·
1685 447 1687 453 ,

192 470 348 527 aliquid
376 466 632 511 intercedere
668 464 1227 518 0011111191011.Λεύκω,118
1257 480 1339 524 quo
1361 465 1457 510 ΕΜ.
1470 467 1568 517 26⁰,
1630 491 1644 526 ³,
1685 480 1688 486 ⁴

192 538 322 584 delum
359 533 575 592 (δεικνύω)
615 533 663 578 ἐκ
691 536 772 578 τοῦ
804 532 944 577 δεύκω
975 551 1024 578 το
1055 535 1207 589 βλέπω
1239 538 1389 594 τροπῇ
1417 537 1498 580 τοῦ
1531 553 1560 581 υ
1597 550 1633 580 e
1685 537 1689 566 ¹

191 610 240 653 τὸ
274 626 309 658 ι,
349 604 616 648 Grammatici
654 604 918 658 excogitasse
955 603 1145 646 videntur
1178 604 1231 647 ad
1269 602 1556 662 explicandum
1587 617 1644 648 a
1685 599 1690 610 “

186 676 382 732 jectivum
413 668 607 721 ἀδευκές,
638 670 747 724 quod
778 669 850 712 alii
880 683 954 726 pro
984 666 1191 724 ἂγλευκές
1221 672 1448 728 accipiunt,
1482 669 1557 715 alii
1586 685 1611 728 p
1639 683 1641 685 ’

192 739 359 798 ἀφανές
385 735 510 793 παρὰ
545 734 595 779 τὸ
627 734 766 778 ὄεύκω
799 736 841 778 id
875 743 938 779 est
968 736 1119 783 δείκω,
1157 737 1224 780 vel
1262 750 1338 794 pro
1369 734 1586 794 ἀδόκητον
1627 759 1639 763 ··
1691 757 1693 760 ¹

191 809 270 851 τοῦ
301 805 411 849 ὁέκω
443 801 539 845 Sch.
575 800 651 844 Od.
683 801 749 844 IV.
779 802 876 845 489.
906 802 974 844 VI.
1001 803 1097 845 273.
1126 801 1241 846 Eust.
1267 803 1391 856 1506,
1419 804 1459 847 3.
1490 817 1621 861 quoru
1652 855 1659 858 Δ

189 873 293 917 nihil
326 871 428 914 satis
457 875 584 911 tutum
617 874 691 910 est.
748 865 976 911 Δεικνύειν
1007 881 1097 911 cum
1126 868 1286 913 τίκτειν
1316 876 1536 926 cognatum
1563 883 1663 914 ess..
1690 879 1691 882 ’

189 937 378 984 nonnulli
395 934 595 990 colligunt
624 947 674 976 ex
694 934 959 976 similitudine
987 937 1316 989 germanicorum
1333 939 1472 992 zeiqen
1497 943 1537 980 et
1563 950 1657 986 zen

189 1020 290 1061 qen,
335 1002 481 1059 quibus
525 1000 823 1056 pondusculum
867 1000 1009 1055 adjicit
1044 999 1279 1056 Hesychius
1322 1001 1461 1054 Τῖξον
1503 1002 1624 1056 δεῒξο
1636 1025 1665 1057 4
1684 999 1689 1007 ⁹

191 1073 411 1116 Consonas
438 1069 579 1123 kappa
607 1066 745 1108 nullas
781 1066 863 1109 sibi
893 1067 1138 1110 antecedere
1169 1069 1322 1124 patitur
1352 1069 1436 1111 nisi
1465 1069 1613 1126 liquid
1635 1064 1675 1132 :⁷⁷

192 1153 243 1183 ac
273 1151 326 1180 ne
355 1137 433 1179 has
463 1133 626 1190 quidem
656 1134 745 1175 sine
776 1132 916 1189 aliquo
947 1133 1129 1184 delectu3
1159 1134 1329 1178 lambda
1354 1136 1428 1178 uni
1456 1134 1568 1179 ἕλκω
1600 1137 1610 1146 ·
1651 1184 1672 1188 ,

190 1205 357 1254 haeret,
393 1214 569 1257 namque
606 1200 755 1257 φέλκω
784 1198 1054 1242 Buttmannus
1092 1199 1322 1245 fabricatus
1353 1207 1418 1245 est
1455 1201 1510 1245 ad
1538 1215 1648 1261 exp

191 1273 384 1317 diendam
427 1269 619 1324 adJectivi
654 1264 822 1325 φολκός
858 1269 1058 1323 originem
1099 1267 1231 1312 Lexil.
1262 1269 1294 1313 Ι.
1333 1269 1430 1314 246.
1468 1269 1592 1314 litera

190 1357 235 1386 re
265 1343 360 1398 ipsa
389 1339 628 1388 excluditur,
658 1350 790 1393 neque
819 1354 842 1379 ν
872 1344 1041 1394 apparet
1068 1339 1151 1380 nisi
1182 1340 1226 1381 in
1254 1338 1394 1398 ῥέγκω
1425 1345 1466 1382 et
1492 1339 1699 1397 quibus

190 1409 285 1452 dam
323 1405 642 1463 perreconditis:
688 1403 948 1460 Καγκομένη
985 1402 1095 1461 ξηρὰ
1139 1406 1204 1461 τῷ
1239 1401 1368 1462 φόβῳ
1406 1411 1447 1448 et
1484 1405 1667 1476 Λάγκῗξ

190 1472 322 1532 ἐῴκει
348 1472 446 1514 Hes.
474 1471 632 1515 Κένκει
660 1471 762 1523 (sic)
789 1471 922 1528 πεινᾷ
953 1469 1069 1513 Phot.
1100 1484 1272 1526 quorum
1300 1472 1432 1527 primo
1446 1452 1651 1516 ΑΠῑιειιηίιῚ

191 1537 507 1597 καγκαινομένη
538 1536 765 1586 substituit,
803 1549 881 1578 nec
907 1542 1045 1579 tamen
1085 1536 1329 1581 incredibile
1367 1544 1432 1581 est
1459 1538 1670 1595 quosda
1699 1544 1706 1550 ⁴

191 1620 265 1663 pro
298 1605 408 1649 καίω
447 1604 603 1646 dixisse
634 1601 780 1656 κάγκω
808 1608 851 1644 ut
879 1602 1159 1678 πολυκαγκής
1194 1602 1447 1662 πολύξηρος
1472 1603 1582 1648 ΕΜ.
1598 1604 1656 1650 al
1703 1603 1705 1606 ⁴

190 1680 321 1716 terum
351 1672 421 1714 vix
458 1681 847 1713 commemorassem
880 1670 963 1710 nisi
995 1670 1132 1712 animo
1171 1669 1464 1714 obversaretur
1493 1660 1667 1727 svaztyss

193 1755 311 1789 κιος,
350 1736 459 1793 quod
493 1737 578 1791 jam
609 1734 768 1791 pridem
796 1735 998 1778 miraculo
1027 1735 1115 1787 fuit,
1145 1743 1185 1779 et
1213 1738 1496 1792 germanicum
1528 1739 1649 1782 leika

189 1803 415 1860 (gleichen)
453 1816 490 1844 v.
526 1801 654 1845 Proll.
690 1801 784 1843 142.
844 1801 988 1844 Tertio
1027 1801 1333 1846 Schleusnerus
1372 1804 1540 1861 apponit
1577 1817 1649 1848 no

189 1874 323 1914 minus
353 1868 599 1911 nebulosum
633 1870 799 1925 κερχνεῖ
826 1866 967 1918 πίνει,
997 1868 1096 1911 mihi
1127 1870 1372 1913 occurrebat
1399 1869 1609 1926 proverbi
1645 1890 1649 1908 ι
1678 1868 1679 1871 ’

191 1937 366 1991 κίγκλοι)
392 1931 680 1992 πτωχότερος,
709 1935 808 1989 quia
835 1934 1048 1977 mendicus
1077 1942 1117 1978 et
1145 1935 1363 1979 famelicus
1394 1936 1541 1979 eodem
1563 1935 1649 1980 loc

190 2010 295 2046 sunt.
351 2000 439 2043 Nec
468 2000 593 2043 facile
633 2001 724 2055 quis
755 1999 943 2056 expediet
972 2000 1169 2056 Hesychii
1199 2002 1319 2045 locos
1343 1999 1678 2059 Ἐπιζύγκουσ

189 2067 475 2114 ἐπικλείουσα
505 2064 689 2120 μύουσα,
713 2062 1008 2121 Ἔπιζυγκλεῖν
1039 2066 1463 2123 ἑπισκαρδαμύττειν
1489 2068 1703 2113 ἐπιστέ-

188 2151 277 2178 νειν
305 2132 623 2190 ἕπικατακλᾷν,
653 2133 841 2186 Ζυγκλεῖ
867 2130 989 2186 μύει,
1020 2130 1160 2191 ὁρμᾷ,
1190 2133 1530 2191 σκυθρωπάζει,
1559 2147 1663 2191 qua
1676 2129 1705 2168 ¹⁴,

188 2215 278 2244 lum
307 2200 683 2255 interpretationum
709 2198 932 2254 pleraeque
961 2212 1051 2242 cum
1080 2201 1305 2243 Ζικνωσαι
1330 2199 1689 2263 σκυθρωπάσαι

190 2274 230 2310 et
260 2263 495 2322 στυγνάσαι
532 2266 790 2308 conveniunt.
849 2264 935 2307 Sed
969 2265 1075 2308 haec
1114 2267 1245 2309 missa
1281 2266 1406 2309 facio.
1456 2259 1688 2309 Ἀλάλκω

191 2333 490 2388 subJunctivum
518 2345 612 2375 esse
639 2333 727 2387 Jam
756 2338 918 2374 veteres
951 2339 1244 2388 perspexerunt
1271 2346 1310 2376 v.
1341 2331 1484 2376 Schol.
1508 2331 1555 2375 ll.
1584 2326 1691 2377 IX

189 2399 285 2442 605.
325 2411 453 2455 quare
491 2400 536 2440 111
566 2398 706 2450 Quinti
735 2398 851 2449 loco,
889 2411 1008 2454 quem
1038 2399 1154 2442 attuli
1189 2399 1243 2442 ad
1272 2398 1418 2442 Buttm.
1450 2391 1689 2447 11112671
1685 2335 1708 2488 ἰ

189 2461 316 2509 ούπω
349 2463 451 2522 δήια
483 2461 590 2521 ἔργα
619 2460 745 2515 οἶδας
776 2463 805 2508 ἅ
833 2461 863 2507 τ’
901 2462 1208 2523 ἀνθρώποισιν
1236 2461 1501 2508 ἂλάλκουσιν
1527 2463 1686 2508 κακὸν

187 2526 308 2589 ἦμαρ
355 2530 634 2587 reponendum
681 2537 744 2573 est
785 2531 1038 2574 homericum
1079 2526 1687 2595 ἀλέξουσιν.1,1(1111ι1111·11111ᾎ

189 2607 337 2656 quarta
373 2601 416 2642 in
455 2613 536 2643 uno
573 2600 730 2643 residet
769 2600 995 2656 δέρκομαι.
1052 2598 1098 2642 111
1127 2614 1219 2643 σκω
1251 2599 1430 2656 plurima
1457 2599 1691 2665 excidunt&

189 2680 359 2721 quorum
380 2679 478 2723 pars
507 2668 687 2709 maxima
716 2680 743 2709 a
766 2668 878 2722 puris
903 2672 994 2710 orta
1021 2679 1095 2722 per
1114 2665 1354 2723 epenthesin
1381 2663 1478 2721 βάω
1506 2663 1622 2720 βάσκ

190 2733 334 2786 (vado)
354 2731 527 2789 φάσκω,
560 2731 908 2784 κατοικικλάσκω,
936 2729 1121 2788 τρύσκω,
1151 2730 1402 2783 ἐνδιδύσκω,
1432 2728 1679 2789 τιτριόσκωί·

192 2804 269 2842 etc.
295 2812 333 2841 v,
364 2799 417 2842 ad
431 2797 576 2842 Buttm.
592 2799 674 2851 60„
701 2799 788 2842 alia
815 2799 867 2843 ab
898 2798 1100 2843 obsoletis
1125 2798 1247 2843 ducta
1272 2797 1435 2854 χάσκω,
1464 2794 1693 2854 θνησκω,
