1708 3126
413 185 519 231 CAP.
550 186 579 229 1.
638 184 710 230 ΗΕ
744 186 940 231 VERBIS
972 186 1145 231 PURlS.
1455 191 1518 236 21

208 298 320 357 φηνὶ
345 298 518 352 ae‘ass)
543 301 732 344 νοῦνται.
791 301 872 345 Pro
889 299 992 344 Κών
1013 297 1147 352 εἰδώς
1164 299 1263 343 Hes.
1280 298 1521 344 Salmasius

231 367 348 410 κῶν·
375 368 512 423 magis
543 366 598 410 ad
628 369 781 411 seriem
811 370 1005 412 convenit
1032 369 1148 423 (nam
1163 369 1350 425 sequitur
1363 365 1519 425 Κράα-

129 431 279 479 κόων
305 435 396 478 sive
431 435 693 492 participium
718 435 859 486 verbi,
901 436 1010 492 quod
1038 448 1257 493 paragoge
1296 437 1387 478 κοῶ
1418 448 1520 479 con-

163 534 183 555 .,
217 502 309 546 sive
341 503 551 560 proprium
586 502 638 546 de
678 516 759 559 quo
792 501 934 546 Schol.
967 502 1014 546 Il.
1046 501 1165 546 XIX.
1199 503 1267 545 53.
1330 499 1516 546 Κόων-

190 566 269 628 τὴν
298 567 486 614 σύνεσιν.
544 568 620 613 His
649 583 854 627 apponam
887 570 1113 627 Κέγνωται
1149 569 1387 627 τέτρωται,
1432 573 1520 614 Κε-

127 636 232 681 θαι
264 638 555 694 τεθραῦσθαι
589 640 837 694 τετρῆσθαι
867 637 967 680 Hes.
1006 637 1117 695 quod
1153 636 1439 681 Schneiderus
1476 643 1518 680 et

40 751 42 755 ,
126 752 129 754 ,
152 722 180 741 a
217 703 262 746 in
286 701 526 747 Stochasm.
562 704 616 748 ad
633 703 737 748 Plut.
770 704 821 748 T.
841 704 910 748 ΙΙΙ.
940 719 978 763 p.
994 704 1036 748 4.
1066 706 1110 747 in
1140 703 1354 749 κέκνισται
1377 711 1519 748 trans-

39 763 44 784 ”
102 758 127 779 ’
191 803 202 823 ,
250 769 327 814 sed
366 771 540 827 injuria3
588 783 686 815 nam
726 771 842 815 κνάω
891 770 1071 816 κνάπτω
1112 769 1294 827 γνάπτω
1328 772 1517 828 ejusdem

143 837 348 883 familiae.
403 836 501 881 EM.
518 837 616 890 693,
644 838 714 881 51.
744 841 819 882 πιῦ
848 836 973 896 ῥῆμά
1004 837 1100 882 ἐστι
1132 835 1245 895 παρ’
1264 835 1530 883 Αἰολεῦσιν·

90 959 101 965 „
154 907 327 964 Χαῖρε
356 903 448 948 καὶ
475 907 574 958 πῶ,
606 904 723 963 ὅπερ
751 904 923 960 λέγεται
955 904 1031 949 καὶ
1053 907 1183 948 newa
1214 900 1275 956 ὥς
1303 904 1411 962 ζῆθι
1440 905 1517 950 καὶ

100 974 121 1025 '4
149 1002 164 1026 ‚
202 971 279 1016 sed
303 969 424 1028 hujus
454 985 621 1030 quoque
657 973 806 1016 notitia
833 972 952 1016 nulla
988 979 1053 1015 est
1085 973 1169 1015 nisi
1209 985 1262 1015 ex
1291 972 1515 1016 declinatis

96 1060 138 1083 ,ιι
161 1054 232 1092 κα,
261 1037 469 1094 πέπομαι
485 1046 525 1083 et
538 1040 776 1084 nominihus
791 1038 945 1092 πότος,
976 1037 1125 1092 πόσις,
1153 1039 1302 1097 quibus
1319 1039 1516 1095 adJuncta

102 1119 104 1121 ·
140 1114 287 1163 potus
329 1107 720 1165 macroparalecton
761 1115 803 1151 ut
843 1121 870 1151 a
906 1107 1020 1164 γνόω
1059 1114 1204 1159 notus,
1249 1113 1290 1150 et
1328 1107 1512 1150 fortasse

35 1165 39 1235 J
124 1175 129 1178 ’
221 1173 290 1218 Ab
320 1173 584 1233 homophono
622 1175 801 1234 quodam
831 1173 934 1219 πόω
973 1174 1135 1219 Goraes
1164 1174 1303 1218 Atact.
1330 1173 1382 1217 ΙΙ.
1414 1174 1511 1217 122.

97 1238 102 1247 ’
134 1247 138 1250 ’
185 1255 252 1286 um
285 1248 400 1300 putat
426 1245 560 1299 πῶμα
590 1243 842 1301 operculum,
868 1244 984 1299 cujus
1014 1250 1180 1299 etymon
1207 1256 1293 1287 non
1317 1247 1442 1294 extat,
1471 1247 1514 1286 et

143 1312 284 1355 raeci
317 1316 488 1354 nostrae
524 1314 753 1355 memoriae
783 1318 949 1354 utuntur
978 1308 1199 1366 ἒμπώνειν
1227 1312 1408 1354 boue-her
1435 1309 1512 1354 ob-

183 1375 292 1425 Se
340 1374 472 1433 Σόεις
499 1377 659 1433 σώζεις
673 1378 908 1436 Hesychius
937 1377 1110 1435 praebet
1138 1384 1180 1421 et
1207 1378 1512 1435 subjunctivum

125 1458 225 1490 rus
109 1377 381 1557 &a
408 1446 595 1502 ejusdem
616 1445 715 1490 libri
743 1447 852 1491 locis
871 1445 1147 1503 improbatum
1167 1452 1306 1489 tamen
1319 1445 1510 1489 Aristar-

81 1497 214 1572 ‘ffqui
244 1527 272 1558 σ
305 1529 343 1557 ω
369 1513 439 1558 vel
469 1516 561 1558 σοῶ
586 1515 838 1573 praetulisse
871 1515 1021 1557 dicitur
1047 1528 1085 1558 v.
1119 1512 1324 1571 Spitzner.
1359 1513 1414 1556 ad
1431 1511 1510 1555 IX.

83 1634 87 1637 ι
134 1579 242 1624 Ab
270 1579 520 1638 homonyme
556 1578 648 1626 σόω
687 1580 844 1636 (σεύω)
882 1582 1154 1638 compositum
1190 1589 1254 1624 est
1281 1578 1510 1624 Ἀποσοῦν

32 1639 35 1648 “
87 1663 104 1684 ‘1
126 1649 233 1706 μᾷν
260 1646 360 1692 Hes.
400 1651 512 1706 (post
541 1645 807 1706 ἀποσύρειν)
842 1650 911 1705 qui
950 1649 1076 1691 etiam
1107 1649 1312 1692 ὄιεσοῦτο
1343 1648 1507 1702 (omiss.

91 1716 169 1769 fs.)
199 1721 241 1758 et
267 1717 549 1759 συσσοῢσθαι
579 1716 691 1773 (post
720 1716 860 1770 συνσ.)
891 1717 1074 1759 enotavit
1100 1728 1153 1758 ex
1180 1712 1376 1759 σόεσθαι
1408 1727 1510 1758 con-

88 1782 103 1820 '.
151 1795 192 1826 m
226 1788 271 1826 ut
298 1779 539 1826 Eustathius
570 1782 670 1826 dicit
698 1796 736 1840 p.
753 1783 821 1833 26,
845 1781 915 1825 46.
945 1797 984 1840 p.
1002 1783 1126 1834 1792,
1157 1783 1198 1825 3.
1232 1780 1508 1824 Buttmannus

51 1842 54 1846 ⁵
103 1872 107 1888 ι
147 1851 212 1894 sic
239 1856 284 1893 ut
311 1850 509 1894 λοῦσθαι
538 1862 591 1893 ex
618 1863 801 1907 syncope
831 1857 963 1894 ortum
995 1855 1150 1894 censet.
1211 1847 1285 1892 His
1315 1847 1507 1892 omnibus

95 1918 268 1963 ··ratius
297 1923 362 1961 est
379 1913 484 1971 χόω,
515 1916 625 1974 quod
649 1916 777 1961 Attici
804 1918 885 1974 ipsi
915 1930 1134 1975 paragoge
1162 1913 1354 1971 χώννυμι
1383 1929 1509 1974 prae-

86 1985 214 2047 4-11'13
246 1984 324 2030 sed
354 1983 452 2028 huic
481 1983 640 2028 similia
670 1984 869 2038 ζώννυμι,
900 1982 1102 2041 ρώννυμι,
1135 1981 1339 2038 σώννυμι,
1369 1979 1508 2040 τρών-

28 2038 35 2066 '
91 2100 97 2110 .
127 2084 138 2103 ,
163 2049 385 2110 χρώννυμι
412 2053 457 2095 in
483 2065 563 2096 usu
590 2052 854 2096 dominantur
881 2052 1118 2096 obscuratis
1146 2051 1366 2109 primitivis
1398 2047 1506 2109 ῥόω,

28 2104 51 2139 ³*
80 2125 243 2164 ω’θιο.
280 2117 371 2174 χόω
410 2120 544 2177 ipsum
584 2133 676 2164 cum
711 2119 798 2173 χέω
837 2119 965 2163 fundo
1005 2125 1046 2162 et
1087 2118 1203 2162 fodio
1236 2119 1399 2172 (fovea)
1433 2131 1505 2162 co-

28 2185 30 2198 ’
118 2199 186 2232 mn
215 2199 313 2231 esse
341 2182 543 2245 perquam‘
572 2187 775 2232 credibile
806 2195 892 2238 est3
928 2200 1026 2230 nam
1052 2189 1159 2240 χοῦς
1194 2193 1234 2230 et
1260 2188 1389 2241 χῶμα
1414 2186 1504 2229 sive

145 2251 252 2312 χυτή
293 2253 445 2299 dicim·
468 2260 583 2299 terra
611 2254 790 2307 effossa,
831 2253 1042 2308 ἕκχοΐζειν
1080 2253 1284 2305 effodere,
1321 2254 1505 2308 χυὸαἶος

72 2323 169 2374 is,
198 2333 279 2375 nec
305 2321 362 2376 sel
395 2333 423 2365 a
442 2319 554 2378 χολή
590 2322 800 2365 diversum
830 2323 958 2372 duco,
988 2321 1088 2365 licet
1118 2322 1363 2365 adversetur
1391 2319 1504 2363 Doe-

26 2397 29 2405 '
77 2371 204 2438 linus
228 2385 399 2453 Qun.
436 2385 488 2430 T.
526 2387 574 2431 V.
616 2388 711 2431 120.
769 2388 1059 2444 Trisyllabum
1089 2389 1199 2446 quod
1228 2389 1339 2432 idem
1376 2400 1505 2446 para-

85 2474 158 2507 ιιι.
196 2450 312 2502 tuf
313 2454 390 2506 sit,
425 2455 583 2499 nullum
624 2463 834 2513 super3est
874 2469 971 2499 nam
1013 2455 1139 2509 ἒνόω,
1178 2457 1287 2500 unde
1326 2457 1504 2513 scriptor

26 2573 33 2588 f
72 2519 88 2561 ἰ
126 2523 219 2567 'de
245 2521 356 2580 Spir.
372 2523 469 2567 217.
501 2521 644 2576 ἔνοσις
675 2524 904 2567 derivatum
935 2523 1047 2575 dicit
1080 2523 1211 2567 nihilo
1241 2522 1503 2582 probabilius

40 2669 47 2687 ’γ
87 2682 166 2730 ,33)
192 2684 312 2732 Φρενὶ
334 2688 419 2733 θείῃ
449 2685 511 2720 vel
537 2684 614 2731 (τὰ)
641 2689 727 2720 θεῖα
752 2685 895 2719 correxi
923 2685 957 2718 in
988 2684 1202 2729 proecdosi;
1229 2684 1301 2718 ulia
1328 2682 1502 2728 proponit

69 2738 84 2796 ¹⁴
119 2757 122 2771 ι
165 2740 234 2776 atus
257 2740 293 2776 in
319 2741 462 2788 Fragm.
488 2741 661 2779 Democr.
687 2755 722 2790 p.
746 2741 825 2777 361.
855 2741 913 2787 qui
939 2740 1140 2777 Herodiani
1164 2741 1292 2777 librum
1316 2740 1402 2788 περὶ
1426 2751 1502 2774 πα-

123 2797 334 2837 Democrito
354 2798 516 2835 donavit.
