1728 3120
231 228 323 273 134
688 217 1142 263 DISSERTATIO
1186 219 1233 262 V.

228 334 380 390 τείρω,
412 332 610 390 φθείρει),
642 329 770 389 εἷ’ρω,
800 330 995 388 σπείρω,
1026 332 1181 389 κείρω,
1210 344 1286 374 nec
1317 330 1519 381 omi-2·-

229 398 397 457 ἐγείραι,
427 395 644 455 οἰκτείρω,
672 397 821 453 quibus
851 396 1144 454 Theognostus
1176 397 1316 454 adjicit
1347 395 1421 442 ἀεί
1462 395 1464 399 ’

231 463 416 521 ἓθείρω,
456 459 632 520 ἆγείρω.
692 463 845 520 Πείρω
873 463 936 507 illi
975 466 1119 508 nescio
1149 479 1228 521 quo
1257 473 1379 522 pacto
1406 460 1492 509 ola*
1632 470 1699 511 ’·..

230 530 390 574 Ceteris
421 529 683 587 diphthongis
714 531 867 574 aditum
895 531 1165 587 praecludunt
1189 532 1362 588 regulae
1390 533 1579 584 tonicam
1628 533 1711 573 1⁸0?

230 599 404 643 Arcadii
422 600 471 643 de
490 601 867 664 perispomenis—
811 602 853 642 in
882 617 1003 658 οιρω,
1035 613 1140 656 quae
1162 602 1274 658 prius
1303 601 1434 645 allata
1452 606 1540 654 θεῖς
1570 600 1715 644 alteror

229 669 414 724 ejusdem
442 668 569 712 haec:
607 667 662 712 τὰ
693 667 758 720 εἷς
795 686 858 726 ρω
896 667 1242 726 παρὰληγόμενα
1273 667 1508 728 διφθόγγῳ
1545 671 1599 729 τῇ
1630 667 1717 725 διὰ

229 739 308 780 τοῦ
347 754 373 780 υ
411 739 712 795 περισπᾶται,
757 735 966 795 ἆμαυριῦ,
1006 736 1121 795 εὖριῦ
1159 741 1336 796 (νευρω)
1379 737 1627 796 ἕπικουρῶ,
1666 747 1722 786 ets

231 805 500 850 Grammatici
531 806 666 850 Cram
696 806 725 849 1.
751 806 850 850 411.
891 806 945 850 τὰ
978 804 1042 858 εἷς
1077 825 1110 850 ω
1139 807 1251 862 μετὰ
1280 803 1522 865 συμφώνου
1550 808 1605 865 τῆ
1635 801 1705 850 εὖ·
1725 819 1728 849 1

231 873 341 932 θείᾳ
379 875 455 933 (τῇ
495 882 561 926 ευ)
598 874 943 933 παραληγόμενα
978 874 1237 934 βαρύνεται,
1275 872 1448 932 φεύγω,
1489 871 1728 918 κεύθιο--’

232 940 528 997 σεσημείωται
561 942 610 985 τὸ
649 941 785 999 εὕρω,
823 941 939 1000 ὅπερ
971 941 1047 998 οὐχ
1079 942 1258 999 εὕρηται
1292 937 1393 985 ἀλλ’
1437 938 1487 986 ἔκ
1524 940 1708 994 κλίσεως

234 1004 476 1060 δείκνυται,
518 1009 628 1064 quod
660 1009 768 1051 idem
809 1009 859 1052 de
899 1006 1022 1065 αἶ’ρω
1059 1016 1099 1052 et
1130 1005 1249 1066 ούρω
1280 1008 1362 1052 dici
1396 1014 1558 1064 poterat
1584 1021 1622 1051 v.
1654 1006 1710 1065 ad

232 1071 378 1116 Buttm.
408 1074 504 1118 258.
548 1074 622 1118 His
652 1078 832 1132 peractis
867 1083 994 1119 restat
1031 1082 1073 1119 ut
1102 1089 1185 1118 non
1211 1087 1317 1131 pura
1348 1075 1713 1143 conquiramus-‘e

232 1140 287 1184 τά
318 1139 382 1194 εἷς
419 1159 483 1199 ρω
524 1141 675 1197 ἔχοντα
706 1143 952 1201 ἐπιπλοκὴν
990 1141 1229 1202 συμφώνου
1264 1145 1541 1199 περισπᾶται
1568 1128 1713 1189 ὁπότε

231 1206 292 1264 μὴ
325 1208 550 1266 συγκοπὴν
580 1207 786 1266 ἐμφαίνει
815 1207 875 1262 ὡς
903 1210 953 1254 τὸ
989 1207 1101 1266 ε’ργω
1125 1210 1223 1253 Arc.
1255 1210 1322 1265 qui
1353 1211 1444 1253 sine
1473 1209 1598 1254 dubio
1627 1222 1712 1254 non

233 1279 509 1332 praetermisit
539 1294 680 1336 αγρω,
723 1285 764 1322 et
792 1279 867 1323 illo
896 1279 1014 1323 loco:
1046 1278 1101 1322 τὰ
1131 1275 1195 1329 εἰς
1225 1294 1316 1334 ορω
1345 1281 1625 1362 περισπᾶται
1647 1277 1709 1337 μὴ

235 1339 362 1396 ὄντος
391 1347 480 1404 πρὸ
513 1351 592 1393 τοῦ
622 1365 648 1404 ρ
678 1346 928 1405 συμφώνου,
960 1348 1140 1391 sortasse
1166 1346 1324 1390 addidit
1353 1343 1412 1399 ὥς
1439 1345 1528 1402 ἔχει
1549 1346 1599 1391 τὸ
1631 1343 1713 1391 σ’σα

234 1425 359 1468 φρω,
398 1413 447 1465 ἐξ
474 1430 527 1458 ου
564 1413 613 1458 τὸ
653 1410 904 1471 όσφρομαι
943 1421 986 1457 ut
1023 1427 1149 1471 supra
1185 1414 1287 1457 dixit
1308 1410 1455 1471 ὀὸύρω
1486 1413 1537 1465 ἐξ
1572 1430 1625 1457 ου
1660 1430 1711 1458 το

235 1473 478 1535 ὀδύρομαι,
509 1477 718 1538 ὂλοφύρω
751 1481 800 1532 ἐξ
827 1481 879 1524 οὗ
909 1481 958 1524 τὸ
990 1477 1284 1537 ὀλοφύρομαι.
1345 1478 1433 1523 Sed
1460 1479 1548 1524 fieri
1577 1486 1712 1536 potest

236 1550 278 1586 ut
307 1544 387 1588 hoc
417 1541 648 1604 ὅσφρομαι
675 1554 840 1604 propter
863 1548 1086 1591 novitatem
1115 1548 1276 1590 testium
1300 1546 1592 1603 repudiaverit.
1649 1546 1712 1592 De

238 1613 435 1654 consonis
473 1614 516 1655 in
555 1614 731 1656 diastasi
770 1615 917 1669 positis
953 1619 1085 1664 tacet3
1125 1614 1240 1675 cujus
1277 1614 1446 1669 generis
1483 1610 1724 1670 exemplum

238 1678 401 1720 unicum
431 1685 494 1721 est
526 1677 639 1738 ἕρῥω
671 1680 723 1722 ab
741 1679 980 1723 Herodiano
1010 1681 1117 1722 inter
1143 1679 1378 1735 singularia
1394 1679 1568 1739 relatum
1589 1694 1628 1736 p.
1644 1671 1721 1724 43

236 1741 343 1786 Nam
379 1739 498 1804 ὄῤῥω
544 1747 586 1788 in
629 1745 730 1790 Lex.
771 1746 822 1789 de
861 1745 970 1803 Sp'ir.
1000 1759 1037 1802 p.
1067 1745 1163 1788 234.
1202 1745 1428 1790 Herodian.
1455 1743 1586 1803 Epim.
1617 1746 1711 1791 102.

239 1809 456 1868 Moschop.
474 1810 626 1855 Sched.
653 1827 692 1869 p.
707 1813 773 1857 78.
806 1812 1120 1856 conservandae
1148 1813 1425 1870 proportionis
1449 1825 1581 1856 causa
1609 1814 1722 1857 scri-⁷

240 1883 349 1933 ptum
382 1884 444 1921 est
473 1892 546 1935 pro
573 1874 678 1935 ὄρω,
711 1893 790 1936 quo
808 1876 1179 1922 Grammaticorum
1209 1879 1282 1923 alii
1308 1885 1472 1923 utuntur
1496 1878 1712 1935 syntheton

243 1938 446 2002 ἄψορρος
485 1945 537 1987 ad
574 1945 857 2001 pleonasmum
895 1946 1125 1988 referentes
1156 1944 1252 1989 EM.
1294 1952 1337 1990 ut
1376 1945 1646 2005 παλίνοῤῥος
1674 1951 1712 1991 v'.

240 2008 424 2052 Meinek
457 2009 571 2054 Com.
592 2010 756 2067 Fragm.
781 2011 832 2054 T.
856 2011 927 2053 ΙΙΙ
949 2012 1045 2054 296,
1094 2012 1288 2071 Φθέρρω
1319 2013 1488 2056 eosdem
1523 2019 1713 2058 auctores

241 2075 366 2119 habet
395 2077 503 2132 quod
535 2076 703 2127 κτέννω,
736 2079 981 2135 interpretes
1011 2078 1207 2122 videlicet
1236 2077 1283 2120 V.
1310 2077 1362 2120 Τ.
1391 2079 1714 2124 Alexandrinos

242 2141 399 2199 Δέρρω
428 2156 508 2185 non
538 2142 690 2197 legitur
716 2144 789 2186 sed
823 2144 969 2204 deneng
998 2152 1038 2188 et
1068 2158 1193 2202 saepe
1211 2144 1523 2204 περιδέρζ)αιον
1546 2160 1583 2189 ν.
1599 2145 1714 2191 Bast.

244 2208 294 2250 ad
328 2208 538 2252 Aristaen.
559 2210 654 2251 223.
685 2208 854 2253 Jacobs.
887 2212 940 2254 ad
971 2211 1124 2254 Achill.
1149 2210 1244 2253 519.

355 2276 817 2319 Adnotamentum.
877 2277 1003 2320 Verbi
1047 2276 1216 2334 σκαίρω
1260 2275 1370 2320 ὅθεν
1416 2291 1581 2333 σκαρος
1617 2275 1714 2321 Sch.

244 2340 422 2384 Theocr.
443 2341 508 2383 lv.
543 2343 786 2398 primitivum
810 2350 873 2386 est
894 2341 1025 2387 σπάω
1055 2341 1370 2399 σπαίρω-καὶ
1400 2341 1448 2385 τὸ
1477 2342 1558 2396 μὲν
1581 2343 1717 2388 σπαί-

242 2423 343 2464 ρειν
364 2407 436 2452 καὶ
465 2404 702 2464 ἀσπαίρειν
722 2404 919 2463 ἄμουσόν
947 2425 1043 2453 τινα
1076 2406 1242 2466 κίνησιν
1265 2408 1405 2464 δηλοῖ,
1435 2407 1484 2452 τὸ
1518 2408 1566 2453 δὲ
1594 2410 1718 2453 σκαί-

242 2489 335 2530 ρειν
365 2469 580 2527 εὔμουσον
610 2473 684 2517 καὶ
713 2473 974 2532 ὀρχηστικὴν
989 2474 1187 2532 Porphyr.
1218 2474 1272 2516 ad
1293 2473 1341 2516 ll.
1369 2471 1481 2517 XIII.
1497 2473 1592 2518 443.
1622 2473 1716 2518 EM.

242 2539 337 2591 722,
365 2540 434 2583 54.
475 2540 621 2596 hisque
661 2554 743 2584 non
782 2541 916 2584 solum
944 2543 1126 2599 σκιρτᾷν
1161 2546 1203 2583 et
1236 2538 1589 2596 σκαρδαμὺσσειν
1619 2554 1718 2586 con-

240 2608 383 2661 juncta
413 2614 506 2651 sunt
534 2607 609 2650 sed
633 2608 758 2650 etiam
785 2605 1055 2666 Σπυρθίζειν
1083 2608 1294 2652 σπᾶσθαι
1325 2603 1581 2663 ἀγανακτεῖν
1607 2605 1719 2666 σφύ-

249 2674 334 2724 ζειν
369 2680 407 2716 et
441 2673 620 2717 fortasse
654 2671 887 2731 Κυρβάσαι
919 2669 1212 2731 ἂποσκιρτᾷν,
1237 2670 1576 2730 Ἀποκυριάζειν
1604 2669 1720 2718 ἄπο-ὲ

245 2741 438 2795 σκιρτᾷν,
466 2737 704 2796 χυρβιοὲσαι
732 2742 979 2796 σκιρτῆσαι,
1011 2752 1116 2796 quae
1145 2740 1284 2783 omnia
1301 2738 1634 2784 Hemsterhusius
1665 2738 1720 2784 ad

244 2802 338 2846 Hes.
370 2818 401 2845 s.
427 2802 638 2861 Ἀποκυρ.
679 2806 898 2848 adnomen
927 2808 1077 2861 χοῖρος
1107 2804 1315 2861 porcellus
1345 2807 1552 2850 transfert.
1611 2806 1721 2850 Inter

1691 2933 1698 2958 ;
1727 2919 1728 2960 ἰ

1662 2963 1670 2987 ἒ,
1726 2974 1728 2979 '

1676 3045 1694 3054 e„

1694 3084 1697 3093 ,
