1708 3126
193 184 261 230 24
654 175 1121 222 DISSERTATIO
1171 176 1202 219 1.

198 305 277 349 que
297 294 365 344 ³⁸)
408 291 462 333 ad
497 289 614 333 illam
643 292 852 334 notionem
881 291 960 347 τῆς
987 286 1128 347 ὁρμῆς
1155 287 1304 332 referri
1340 292 1497 344 potest,
1535 299 1670 344 neque

199 359 305 402 adeo
345 357 569 400 absurdum
614 357 776 400 v1detur
813 353 942 399 θύειν
979 356 1210 411 generatim
1257 352 1494 410 significare
1537 351 1681 403 motus]

199 427 323 474 ciere,
350 437 441 466 cum
468 424 622 479 impetu
651 422 764 474 ferri,
793 422 869 465 sed
891 422 1001 465 idem
1030 423 1154 465 etiam
1181 421 1397 464 transitive
1423 419 1509 464 dici
1537 419 1588 463 de
1616 421 1679 463 iis:

199 492 268 547 qui
298 490 449 533 sumum
480 491 599 532 cient.
660 488 737 532 Sin
772 488 896 532 aliter
924 496 999 540 est,
1028 502 1112 532 non
1133 488 1256 532 video
1286 487 1383 545 quid
1413 486 1683 544 relinquatur

198 558 282 600 nisi
311 563 355 599 ut
383 569 592 599 sumamus
622 555 701 599 hoc
729 553 841 604 θύω,
874 557 940 599 cui
974 553 1087 607 θύος
1113 556 1346 612 appositum
1373 560 1450 600 est,
1478 566 1570 598 cum
1596 553 1681 597 i1102

198 621 303 666 θάω
332 625 520 666 &ffatim
547 635 774 665 connexum
804 635 901 664 esse
927 635 980 665 ea
1007 623 1168 665 ratione
1197 634 1280 678 qua
1306 619 1439 676 θοίνη
1465 627 1507 663 et
1533 615 1688 682 θυσία,

201 688 299 732 Sch.
330 688 484 731 Aesch.
513 687 648 731 Prom.
678 688 774 731 530.
835 687 959 731 Clare
996 701 1096 732 vero
1136 689 1318 741 cernitur
1355 687 1551 742 cognatio
1578 698 1685 730 ver«

200 756 344 798 borum
376 752 492 798 κνάω
533 761 573 798 et
602 752 735 804 κνύω,
773 754 856 806 ξέω
887 754 963 798 ἐπὶ
1002 752 1162 806 ξύλων,
1203 754 1290 807 ξύω
1321 752 1370 798 δὲ
1399 751 1476 796 ἐπὶ
1505 749 1672 809 σαρκόςΙ

202 820 349 865 Thom.
388 821 512 878 θρέω
552 828 593 864 et
631 819 758 878 θρύω
797 820 846 863 τὸ
885 823 1072 878 θορυβιό
1112 819 1248 864 Cram.
1279 818 1331 862 II.
1360 818 1430 871 20,
1457 818 1527 862 25.
1564 818 1679 865 unde,

200 890 362 944 θροῦς,
392 888 571 945 θρῦλος,
603 886 861 944 ἕντρυλλίζω
892 889 1109 931 insusurro
1138 900 1178 931 v.
1203 885 1400 930 Fritzsch.
1431 885 1486 928 ad
1505 884 1676 929 Thesm.

201 953 296 996 340.
355 952 587 1010 Παφλάζω
630 953 756 1011 παρὰ
794 953 847 996 rcci
888 954 1009 1010 φλέω
1044 948 1070 996 ὃ
1103 952 1178 996 καὶ
1206 951 1333 1010 φλύω
1367 950 1485 995 Suid.
1517 948 1678 1008 o’uplocss-

202 1017 315 1071 σμός
341 1018 456 1070 τινὲς
483 1019 610 1076 παρὰ
643 1019 692 1062 τὸ
725 1020 847 1076 φλέω
872 1019 945 1063 καὶ
973 1017 1098 1076 φλύω
1123 1017 1220 1062 Sch.
1237 1017 1285 1062 Il.
1302 1016 1392 1061 XV.
1407 1018 1504 1076 607.
1535 1013 1695 1076 &mhi-v

204 1083 315 1138 σμός
345 1081 491 1142 ἀφρός
512 1084 628 1128 Suid.
660 1086 808 1142 quibus
834 1089 1022 1130 omnibus
1061 1085 1205 1129 subest
1233 1085 1346 1128 notio
1380 1084 1697 1142 exuberantiae¹

205 1158 245 1194 et
282 1150 533 1195 affluentiae.
590 1151 733 1209 anue
774 1166 857 1196 non
898 1155 1112 1197 evanescit
1146 1153 1189 1194 in
1226 1163 1443 1208 paragogo
1483 1142 1679 1209 φ’λυδού-

203 1234 334 1272 μενος
362 1220 441 1275 τῆς
469 1215 650 1274 πρώτης
673 1217 879 1274 συζυγίας
910 1219 958 1263 ἐκ
987 1222 1067 1262 τοῦ
1097 1216 1224 1276 φλύω
1254 1216 1303 1261 τὸ
1341 1215 1510 1271 ἀναζέω
1542 1215 1676 1260 Cram.

204 1283 255 1326 ΙΙ.
284 1284 381 1327 422.
410 1285 519 1341 quod
549 1293 590 1328 et
620 1284 775 1328 Suidas
809 1285 927 1329 affert
960 1299 1011 1328 ex
1040 1284 1142 1341 Lyc.
1172 1285 1239 1328 35.
1273 1284 1345 1327 ubi
1373 1282 1574 1327 Hercules
1608 1295 1679 1327 ca-

204 1349 291 1394 lido
314 1350 485 1394 humore
513 1352 787 1403 circumfusus
819 1349 1141 1408 φλοιδούμενος
1169 1354 1311 1408 τινθῷ
1340 1351 1524 1407 λέβητος
1553 1346 1682 1394 ἔσται,

205 1416 310 1468 λαξε
341 1415 494 1471 κόμας.
551 1417 597 1461 Id
618 1417 860 1462 Scholiasta
889 1419 1179 1474 interpretatur
1198 1414 1519 1475 φλογιζόμενος
1544 1418 1679 1472 magis

206 1496 258 1525 ex
290 1484 600 1527 circumstantia
637 1498 759 1541 quam
797 1497 847 1527 ex
877 1491 1026 1526 natura
1053 1484 1192 1535 verbi,
1229 1496 1323 1527 nam
1352 1483 1518 1540 proprie
1549 1483 1681 1538 signi·
1706 1518 1708 1543 3

204 1548 350 1592 ficatur
378 1550 616 1608 διαρρέων,
644 1552 813 1604 μαὸιῦν,
844 1550 1116 1606 similiterque
1149 1551 1336 1592 ustrinae
1367 1544 1581 1607 (εὖστραι)
1612 1549 1681 1592 ubi
1707 1599 1708 1602 Ἰ

205 1628 302 1657 sues
338 1628 447 1671 aqua
485 1616 678 1659 candenti
715 1616 980 1672 glabrantur‚
1023 1616 1145 1660 modo
1173 1611 1447 1672 μαόιστήρια
1477 1622 1683 1676 vocantur

205 1681 327 1724 modo
358 1682 644 1739 φλογίστραι,
672 1696 752 1727 uec
780 1689 917 1725 tamen
947 1678 1063 1726 eiietv
1095 1689 1135 1725 et
1162 1679 1362 1736 μαδίζειν
1389 1675 1680 1725 idem-valent.
1704 1683 1708 1687 ’

206 1746 372 1790 Interim
415 1749 609 1804 quoniam
648 1749 802 1792 caloris
848 1748 1001 1792 humidi
1044 1755 1085 1791 et
1123 1748 1230 1792 aridi
1269 1760 1347 1804 par
1387 1754 1452 1791 est
1494 1747 1681 1800 effectus,

207 1814 483 1857 concedamus
513 1821 673 1869 oportet
699 1815 869 1857 verbum
900 1812 1055 1871 φλύειν
1078 1828 1104 1857 a
1133 1814 1275 1866 fluore,
1304 1816 1348 1857 in
1369 1827 1450 1872 quo
1473 1816 1684 1872 proprium
1705 1842 1708 1847 ·

207 1879 332 1923 habet
361 1880 626 1932 domicilium,
661 1881 905 1924 translatum
936 1894 1032 1924 esse
1059 1881 1112 1924 ad
1140 1883 1328 1925 ardorem
1349 1887 1388 1924 et
1417 1879 1682 1938 flagrantiam

208 1953 251 1989 ut
289 1946 592 2003 Aristophanes
636 1947 737 1990 dixit
772 1945 795 1991 ὁ
838 1947 1049 2004 κεραυνὸς
1090 1949 1253 2001 ζῶντας
1287 1946 1527 2004 περιφλύει
1568 1947 1608 1991 h.
1643 1961 1680 1991 e.

210 2010 260 2063 ἐξ
287 2011 510 2070 ἐπιπολῆς
539 2012 653 2056 καίει
679 2012 777 2056 Sch.
797 2013 929 2057 Nuhb.
946 2014 1041 2057 305.
1100 2013 1204 2056 Hinc
1234 2019 1371 2056 autem
1399 2015 1437 2056 si
1461 2015 1683 2069 cogitatio-

208 2091 301 2121 nem
325 2079 576 2122 traducimus
598 2080 652 2123 ad
668 2079 944 2124 Herodoteum
963 2079 1107 2134 τείχεα
1123 2080 1542 2137 περιπεφλευσμένα
1558 2079 1681 2139 πυρί,

207 2144 318 2187 haud
349 2146 493 2200 procul
533 2150 611 2188 erit
650 2148 747 2202 quin
786 2147 929 2203 φλέω,
970 2145 1114 2203 φλύω,
1156 2145 1305 2202 φλεύω
1343 2151 1384 2188 et
1414 2145 1562 2203 φλέγω
1598 2160 1682 2190 non

207 2224 310 2254 voce
340 2211 474 2257 solum
501 2213 575 2256 sed
606 2214 730 2256 etiam
763 2220 967 2269 potestate
998 2214 1219 2256 convenire
1241 2211 1441 2255 dicamuS.
1497 2204 1706 2255 Duorum*

208 2275 391 2320 themata
419 2278 544 2320 tradit
564 2277 659 2320 EM.
691 2277 807 2335 τρύω
841 2277 889 2323 ἐκ
918 2282 998 2323 τοῦ
1025 2281 1118 2335 τριῦ
1146 2280 1273 2332 (tero)
1304 2278 1411 2335 quod
1441 2277 1682 2322 confirmant

208 2355 439 2398 synonyma
473 2344 676 2402 τέρετρον
705 2343 926 2401 τρύπανον
962 2345 1150 2398 terebra,
1188 2351 1228 2387 et
1251 2346 1350 2387 Στιῢ
1378 2341 1495 2388 στύω
1523 2343 1682 2396 στῦλος

209 2405 270 2459 ὡς
295 2411 361 2462 χιῦ
387 2407 475 2463 χύω
503 2409 646 2464 χυλός.
708 2410 992 2466 Trisyllabum
1028 2411 1184 2456 nullum
1222 2418 1286 2453 est
1323 2410 1430 2467 quod
1470 2411 1561 2455 sine
1590 2410 1681 2456 ulla

297 2578 356 2622 38)
384 2577 593 2625 Ἐκθύματα
626 2577 858 2624 ἐξανθήματα
883 2579 969 2616 Hes.
1005 2577 1197 2628 ἒκφύματα
1220 2576 1455 2625 ἐξανθήματα
1477 2579 1610 2615 Zonar.
1637 2591 1682 2616 ac

210 2634 388 2679 plerisque
422 2636 511 2670 locis
545 2634 691 2671 ἐκθ-ύειν
715 2647 903 2682 erumpere
937 2641 972 2671 et
1001 2635 1152 2682 ἐκφύειν
1183 2636 1303 2670 enasci
1323 2635 1401 2670 sine
1425 2645 1534 2670 sensu
1558 2635 1681 2670 discri-

207 2690 310 2724 minis
353 2692 549 2735 permutari
592 2699 753 2739 possunt.
811 2690 892 2729 ‘boa
931 2691 1055 2740 (φοαί)
1089 2688 1321 2738 ἐξανθήματα
1355 2682 1440 2727 Hes.
1482 2702 1549 2736 pro
1586 2693 1685 2738 φυαί

210 2756 228 2778 Ι.
255 2758 285 2779 e.
313 2759 476 2792 φυματα.
