1728 3120
196 170 292 216 184
647 159 1112 205 DISSERTATIO
1156 159 1211 204 X.

194 277 243 321 H.
274 276 323 320 ll.
355 275 422 318 14.
464 273 681 331 ἔράωνται
711 273 830 317 Bion.
860 269 964 316 Vlll.
998 275 1035 317 1.
1095 274 1244 316 Altera
1276 277 1506 316 contracta·
1526 271 1568 317 εἰ
1598 273 1641 317 κέ

197 344 273 401 ἐᾷς
299 341 417 384 Hom.
446 347 487 383 et
514 340 642 383 multa
672 341 847 392 similia3
877 341 1000 385 tertia
1025 342 1187 398 poetice
1218 339 1387 382 diducta
1414 336 1462 383 εἶ·
1485 335 1528 382 κ’·
1561 336 1670 398 ἐάᾳς
1726 331 1728 333 ’

197 406 475 451 Od.Xl.110.
508 401 597 450 εὖτ’
635 403 687 449 ὃν
717 404 918 464 περόωσι
934 405 1107 465 Oppian.
1132 406 1181 449 H.
1209 405 1240 450 Ι.
1254 405 1328 449 49.
1357 401 1468 463 ὄφρ’
1500 402 1671 464 ὄρόωσι

196 475 333 527 Quint.
362 472 588 517 X111.167.
621 480 660 516 et
690 473 776 517 alia
805 474 979 531 pluralis
1009 475 1182 526 numeri,
1214 486 1337 516 unum
1366 472 1542 516 medium
1571 470 1671 515 Hes,

196 540 297 598 Opp.
313 540 409 583 240.
438 538 555 591 ὅςτις
584 534 812 598 ἀλιτραίνῃ
839 540 913 584 καὶ
940 538 1178 585 ἀτάσθαλα
1196 536 1473 597 μηχανάαται
1500 538 1580 582 hoc
1609 545 1674 580 est

194 603 484 663 μηχανάηται.
1407 628 1410 633 ν

307 673 343 727 ᾗ.
367 672 409 715 4.
468 671 516 715 Si
554 674 646 729 quis
677 674 866 732 exempla
894 674 974 716 hac
1013 674 1288 730 disputatione
1318 670 1616 730 comprehensa
1645 683 1673 713 a

198 740 330 796 capite
359 753 490 796 usque
521 740 574 782 ad
604 747 827 784 extremum
856 741 1074 796 relegerit,
1112 740 1318 796 intelligat
1346 740 1522 782 necesse
1552 743 1617 780 est
1646 753 1671 779 o

197 810 355 852 micron
385 815 425 851 et
458 809 584 866 alpha
612 809 738 853 breve
771 816 863 853 ante
897 827 931 852 ω
962 817 1001 853 et
1030 826 1058 852 α
1088 810 1256 865 longum
1285 802 1370 852 non
1398 807 1521 851 aliter
1547 808 1674 849 inter-

199 876 281 918 seri
316 876 398 918 nisi
440 875 528 920 hae
551 876 704 932 longae
735 877 906 920 vocales
937 875 1139 920 conflatae
1171 878 1252 920 sint
1287 888 1339 918 ex
1376 873 1494 922 brevi
1521 870 1673 920 vocali

199 955 305 998 quae
351 944 402 985 ad
433 942 704 986 substantiam
743 943 859 987 verbi
890 945 1084 1000 pertinet,
1126 951 1166 988 et
1196 940 1527 1000 monophthongo
1558 937 1674 995 diph··

196 1008 417 1064 thongove‚
448 1022 554 1066 quae
584 1010 637 1053 ad
666 1012 1008 1061 terminationem,
1040 1007 1218 1066 ὁρά-ω
1248 1007 1340 1066 ὁρῶ
1369 1003 1502 1064 ὁρόω,
1532 1002 1675 1062 ὁρά-

199 1091 264 1126 εις
292 1075 404 1134 ὁρᾷς
433 1072 591 1134 ὁράᾳς,
628 1073 1136 1133 ὃρά-ουσι-ὁρόωσι,
1169 1069 1607 1132 ὃράοιτε-ὁρόῳτε,
1637 1071 1676 1114 si.

197 1154 298 1185 vero
328 1141 435 1185 duae
466 1142 615 1186 breves
651 1145 694 1186 in
722 1156 844 1186 unam
873 1143 1043 1198 longam
1071 1141 1360 1192 confluxerint,
1397 1138 1555 1183 nullam
1584 1137 1674 1181 fieri

197 1209 550 1265 interpositionem
593 1211 674 1252 nisi
719 1211 1032 1253 consonantium
1073 1208 1233 1264 pondus
1278 1206 1464 1250 accedat.
1530 1203 1674 1262 Itaque

199 1271 391 1331 ὃράατον
419 1288 501 1318 non
527 1275 686 1326 dicitur,
718 1277 816 1332 quia
843 1272 1006 1333 ὁρᾶτον
1027 1288 1078 1318 ex
1108 1271 1293 1331 ὁράετον
1322 1279 1574 1317 contractum
1600 1278 1675 1323 est,

201 1348 242 1384 et
264 1342 326 1384 sic
342 1349 505 1385 ceterae
529 1342 704 1400 pluralis
717 1356 922 1399 personae
939 1349 1104 1398 praeter
1128 1340 1312 1383 ultimam
1328 1352 1435 1396 quae
1461 1338 1676 1397 diphthon-

201 1420 296 1462 gum
326 1409 370 1451 in
397 1409 587 1465 paralexi
627 1408 764 1452 habet.
821 1408 1060 1465 Eademque
1099 1409 1260 1451 ratione
1292 1413 1418 1450 totum
1449 1406 1678 1450 excluditur

201 1475 642 1532 imperfectum,‘quia
669 1475 833 1519 literam
864 1475 989 1532 alpha
1016 1475 1156 1518 brevis
1186 1475 1416 1530 insequitur
1442 1473 1605 1517 vocalis
1634 1479 1678 1516 ut

202 1539 356 1590 ὕλαον,
389 1548 428 1585 et
457 1543 725 1599 imperativus
758 1544 983 1586 communis
1014 1542 1192 1592 formae,
1223 1554 1307 1584 non
1331 1541 1481 1584 atticae
1510 1541 1571 1593 (ut
1601 1537 1678 1583 άν-

202 1606 438 1662 τιοιόντων)
479 1616 688 1665 postremo
727 1610 933 1665 participii
976 1621 1110 1664 genus
1148 1614 1333 1650 neutrum
1372 1613 1416 1650 ut
1457 1605 1678 1664 τηλεθάον

202 1672 318 1718 Hom.
351 1674 543 1719 σταλάον
572 1676 690 1719 Arat.
716 1676 811 1718 962.
852 1689 933 1718 non
966 1672 1175 1718 σταλόων.
1233 1673 1339 1717 Huic
1368 1673 1677 1730 regulaequae

205 1741 476 1785 adversantur
505 1756 714 1800 perpauca
741 1749 832 1786 sunt
859 1749 898 1784 et
926 1754 1010 1785 non
1038 1754 1216 1797 magnae
1248 1741 1525 1784 auctoritatis:
1563 1738 1677 1784 πότε

204 1806 455 1864 τρυγόωμεν
494 1806 674 1866 ὀπώρην
703 1808 835 1852 Nonn.
866 1807 997 1850 XLII.
1025 1808 1120 1851 297.
1163 1807 1271 1864 quod
1307 1820 1381 1864 pro
1419 1808 1677 1863 conjunctivo

202 1873 348 1917 haberi
377 1882 510 1931 potest
538 1883 578 1919 ut
608 1874 719 1920 πότε
750 1874 1002 1932 σπείρωμεν
1034 1871 1230 1932 ἀρούρας
1257 1873 1406 1918 ν.288.
1436 1873 1679 1931 (ΙιιοιῙιιοάᾱ
1726 1883 1728 1911 4

203 1939 433 1984 Buttm.28.
465 1943 609 1993 allata,
641 1940 800 1985 ἐλάατε
825 1938 1060 1996 θῑὸράατε.
1120 1939 1306 1983 Tertiam
1330 1954 1550 1997 personam
1563 1939 1678 1984 Butt-

204 2019 377 2049 mannus
407 2009 447 2050 in
481 2007 660 2050 Gramm.
692 2007 720 2048 1.
751 2006 846 2050 482.
906 2006 1085 2049 Homero
1124 2008 1309 2050 inserere
1344 2008 1563 2051 meditatus
1593 2014 1678 2059 est3

204 2085 300 2115 nam
330 2074 373 2115 in
400 2071 476 2117 Od.
506 2073 602 2116 XX.
633 2073 728 2116 347.
770 2071 812 2115 οἱ
843 2072 891 2115 δὲ
924 2075 1165 2127 γναθμοῖσι
1194 2071 1376 2128 γελοίων
1404 2069 1680 2131 ἀλλοτρίοισι

205 2139 331 2182 scribi
355 2139 471 2195 jubet
495 2138 669 2195 γελώων
699 2139 739 2182 id
760 2146 822 2182 est
851 2138 1008 2192 ἐγέλων
1028 2137 1244 2194 (ἑγέλαον)
1274 2141 1373 2196 quia.
1392 2140 1567 2198 γελοιᾷν
1595 2153 1679 2183 non

205 2207 365 2249 ridendi
403 2206 555 2249 habeat
594 2206 939 2261 significationem
974 2205 1049 2247 sed
1076 2206 1262 2260 Jocandi.
1319 2204 1471 2250 Verum
1505 2206 1586 2250 hoc
1627 2220 1679 2250 ex

172 2319 176 2323 ,
204 2287 285 2316 uno
313 2273 387 2316 illo
417 2272 466 2315 H.
495 2272 542 2316 H.
571 2273 665 2317 loco
698 2284 957 2329 nequaquam
990 2271 1103 2314 clare
1135 2279 1304 2329 apparet
1331 2279 1371 2316 et
1399 2274 1437 2316 si
1467 2273 1577 2329 quod
1605 2273 1680 2316 fuit

206 2342 313 2382 inter
342 2347 552 2396 utrumque
573 2341 808 2390 discrimen,
841 2346 987 2382 tamen>
1006 2352 1089 2382 non
1106 2352 1282 2382 necesse
1313 2346 1377 2382 est
1405 2339 1458 2382 ab
1489 2339 1679 2383 omnibus

207 2413 444 2450 constanter
482 2407 725 2450 custoditum
761 2419 869 2449 esse.
928 2405 1241 2462 Participiorum
1273 2418 1373 2449 vero
1415 2419 1539 2450 casus
1573 2406 1680 2450 obli-

207 2474 277 2529 qui
312 2469 528 2530 ὁρόωντες
545 2481 621 2517 etc.
653 2473 856 2530 duplicem
891 2474 1201 2516 excusationem
1229 2471 1394 2524 habent,
1423 2485 1544 2516 unam
1570 2473 1679 2529 quod

208 2553 234 2582 a
259 2541 501 2584 nominativi
521 2538 662 2597 ὁρόων
689 2539 955 2599 simili-tudine
986 2538 1171 2582 abstrahi
1191 2553 1273 2582 non
1293 2546 1476 2595 potuere,
1506 2539 1680 2583 alteram

208 2607 316 2662 quod
344 2607 506 2651 vocalis
536 2606 704 2649 fulcitur
721 2608 951 2663 positione3
982 2606 1170 2662 idemque
1200 2605 1242 2648 fit
1271 2607 1314 2648 in
1342 2608 1533 2663 personis
1562 2606 1678 2650 verbi

206 2675 386 2729 passivi,
421 2687 510 2718 cum
544 2675 587 2716 in
612 2673 835 2716 indicativo
866 2673 1097 2730 praesentis
1127 2670 1435 2728 δηριαάσθων,
1475 2668 1680 2728 ἀγάασθε

209 2745 249 2781 et
296 2737 514 2795 ἐράασθε,
568 2747 651 2783 tum
696 2741 737 2782 in
784 2741 1023 2796 imperativo
1060 2735 1356 2795 ἑψιαάσθων,
1403 2736 1678 2795 κεραάσθων,

207 2805 406 2848 infinitivo
436 2804 689 2859 μνάασθαι,
728 2804 1013 2855 αἰτιάασθαι,
1051 2806 1089 2848 et
1119 2807 1161 2848 in
1189 2806 1428 2861 imperfecto
1466 2802 1679 2862 ἠγάασθε,
