<?xml version="1.0" encoding="UTF-8"?>
<!DOCTYPE html PUBLIC "-//W3C//DTD XHTML 1.0 Transitional//EN"
    "http://www.w3.org/TR/xhtml1/DTD/xhtml1-transitional.dtd">
<html xmlns="http://www.w3.org/1999/xhtml" xml:lang="en" lang="en">
 <head>
  <title>
</title>
<meta http-equiv="Content-Type" content="text/html;charset=utf-8" />
  <meta name='ocr-system' content='tesseract 3.04.00' />
  <meta name='ocr-capabilities' content='ocr_page ocr_carea ocr_par ocr_line ocrx_word'/>
</head>
<body>
  <div class='ocr_page' id='page_1' title='image "./rhematikonsiveve00lobeuoft_0276.png"; bbox 0 0 1728 3120; ppageno 0'>
   <div class='ocr_carea' id='block_1_1' title="bbox 245 208 1282 268">
    <p class='ocr_par' dir='ltr' id='par_1_1' title="bbox 245 208 1282 268">
     <span class='ocr_line' id='line_1_1' title="bbox 245 208 1282 268; baseline -0.003 -14.994"><span class='ocrx_word' id='word_1_1' title='bbox 245 222 343 268; x_wconf 73' lang='lat'>253</span> <span class='ocrx_word' id='word_1_2' title='bbox 663 208 1126 254; x_wconf 77' lang='lat' dir='ltr'>ulsSERTATm</span> <span class='ocrx_word' id='word_1_3' title='bbox 1174 208 1282 251; x_wconf 77' lang='lat' dir='ltr'>xvi</span> 
     </span>
    </p>
   </div>
   <div class='ocr_carea' id='block_1_2' title="bbox 235 316 1721 2700">
    <p class='ocr_par' dir='ltr' id='par_1_2' title="bbox 235 316 1721 2700">
     <span class='ocr_line' id='line_1_2' title="bbox 246 316 1707 384; baseline -0.007 -12"><span class='ocrx_word' id='word_1_4' title='bbox 246 328 407 384; x_wconf 76' lang='grc' dir='ltr'><em>γίνεται</em></span> <span class='ocrx_word' id='word_1_5' title='bbox 450 320 510 374; x_wconf 73' lang='grc' dir='ltr'>ὡς</span> <span class='ocrx_word' id='word_1_6' title='bbox 548 321 573 379; x_wconf 84' lang='grc' dir='ltr'>ἡ</span> <span class='ocrx_word' id='word_1_7' title='bbox 622 319 852 379; x_wconf 78' lang='grc' dir='ltr'>ἀποκρυβ]</span> <span class='ocrx_word' id='word_1_8' title='bbox 898 317 987 364; x_wconf 75' lang='grc' dir='ltr'>ἀπο</span> <span class='ocrx_word' id='word_1_9' title='bbox 1029 323 1109 363; x_wconf 81' lang='grc' dir='ltr'>τοῦ</span> <span class='ocrx_word' id='word_1_10' title='bbox 1150 317 1295 377; x_wconf 83' lang='grc' dir='ltr'><em>κούβω</em></span> <span class='ocrx_word' id='word_1_11' title='bbox 1341 318 1414 363; x_wconf 81' lang='grc' dir='ltr'>καὶ</span> <span class='ocrx_word' id='word_1_12' title='bbox 1457 316 1700 377; x_wconf 55' lang='lat' dir='ltr'>notatim]</span> <span class='ocrx_word' id='word_1_13' title='bbox 1694 365 1707 371; x_wconf 59' lang='grc'><strong>,</strong></span> 
     </span>
     <span class='ocr_line' id='line_1_3' title="bbox 247 384 1721 450; baseline -0.005 -15"><span class='ocrx_word' id='word_1_14' title='bbox 247 389 439 450; x_wconf 73' lang='grc' dir='ltr'>ἄρρητου</span> <span class='ocrx_word' id='word_1_15' title='bbox 482 389 679 442; x_wconf 76' lang='grc' dir='ltr'><strong><em>θέματος</em></strong></span> <span class='ocrx_word' id='word_1_16' title='bbox 721 390 799 430; x_wconf 81' lang='grc' dir='ltr'>τοῦ</span> <span class='ocrx_word' id='word_1_17' title='bbox 845 384 1020 441; x_wconf 73' lang='grc' dir='ltr'><em>καλύβαι</em></span> <span class='ocrx_word' id='word_1_18' title='bbox 1058 386 1172 430; x_wconf 76' lang='lat' dir='ltr'>Eust.</span> <span class='ocrx_word' id='word_1_19' title='bbox 1212 385 1440 437; x_wconf 83' lang='grc'><strong>1732,17.</strong></span> <span class='ocrx_word' id='word_1_20' title='bbox 1482 385 1636 443; x_wconf 71' lang='grc' dir='ltr'>στίλβη</span> <span class='ocrx_word' id='word_1_21' title='bbox 1675 388 1721 430; x_wconf 66' lang='lat' dir='ltr'>dt,</span> 
     </span>
     <span class='ocr_line' id='line_1_4' title="bbox 246 451 1718 512; baseline -0.004 -11"><span class='ocrx_word' id='word_1_22' title='bbox 246 457 405 512; x_wconf 73' lang='grc' dir='ltr'>θλίβη,</span> <span class='ocrx_word' id='word_1_23' title='bbox 441 468 673 512; x_wconf 85' lang='lat' dir='ltr'>quanquam</span> <span class='ocrx_word' id='word_1_24' title='bbox 699 454 741 496; x_wconf 91' lang='lat' dir='ltr'>id</span> <span class='ocrx_word' id='word_1_25' title='bbox 773 452 821 495; x_wconf 86' lang='lat' dir='ltr'>G.</span> <span class='ocrx_word' id='word_1_26' title='bbox 847 452 1082 497; x_wconf 88' lang='lat' dir='ltr'>Dindorfius</span> <span class='ocrx_word' id='word_1_27' title='bbox 1114 455 1157 496; x_wconf 88' lang='lat' dir='ltr'>iu</span> <span class='ocrx_word' id='word_1_28' title='bbox 1187 451 1316 495; x_wconf 88' lang='lat' dir='ltr'>Thes.</span> <span class='ocrx_word' id='word_1_29' title='bbox 1346 465 1428 497; x_wconf 90' lang='lat' dir='ltr'>uno</span> <span class='ocrx_word' id='word_1_30' title='bbox 1457 452 1556 498; x_wconf 89' lang='lat' dir='ltr'>illo</span> <span class='ocrx_word' id='word_1_31' title='bbox 1563 452 1718 496; x_wconf 58' lang='lat' dir='ltr'>Galen}</span> 
     </span>
     <span class='ocr_line' id='line_1_5' title="bbox 244 516 1719 577; baseline -0.003 -10"><span class='ocrx_word' id='word_1_32' title='bbox 244 525 338 567; x_wconf 91' lang='lat' dir='ltr'>loco</span> <span class='ocrx_word' id='word_1_33' title='bbox 377 536 460 566; x_wconf 89' lang='lat' dir='ltr'>non</span> <span class='ocrx_word' id='word_1_34' title='bbox 500 522 601 564; x_wconf 86' lang='lat' dir='ltr'>satis</span> <span class='ocrx_word' id='word_1_35' title='bbox 643 521 836 564; x_wconf 88' lang='lat' dir='ltr'>munitum</span> <span class='ocrx_word' id='word_1_36' title='bbox 875 526 1008 577; x_wconf 88' lang='lat' dir='ltr'>putat,</span> <span class='ocrx_word' id='word_1_37' title='bbox 1049 527 1132 563; x_wconf 90' lang='lat' dir='ltr'>tum</span> <span class='ocrx_word' id='word_1_38' title='bbox 1176 525 1395 576; x_wconf 85' lang='lat' dir='ltr'>praetcrea</span> <span class='ocrx_word' id='word_1_39' title='bbox 1436 516 1590 575; x_wconf 81' lang='grc' dir='ltr'>λάμπη</span> <span class='ocrx_word' id='word_1_40' title='bbox 1632 519 1719 570; x_wconf 47' lang='lat' dir='ltr'>fax}</span> 
     </span>
     <span class='ocr_line' id='line_1_6' title="bbox 247 583 1720 646; baseline -0.004 -12"><span class='ocrx_word' id='word_1_41' title='bbox 247 589 381 646; x_wconf 71' lang='grc' dir='ltr'>ἅρπη,</span> <span class='ocrx_word' id='word_1_42' title='bbox 412 588 567 644; x_wconf 84' lang='grc' dir='ltr'><strong><em>σκέπη,</em></strong></span> <span class='ocrx_word' id='word_1_43' title='bbox 605 587 737 644; x_wconf 84' lang='grc' dir='ltr'>Θήπη</span> <span class='ocrx_word' id='word_1_44' title='bbox 768 584 790 629; x_wconf 82' lang='grc' dir='ltr'><em>ὃ</em></span> <span class='ocrx_word' id='word_1_45' title='bbox 817 585 959 643; x_wconf 81' lang='grc' dir='ltr'><em>φόβος</em></span> <span class='ocrx_word' id='word_1_46' title='bbox 975 585 1073 629; x_wconf 87' lang='lat' dir='ltr'>Hes.</span> <span class='ocrx_word' id='word_1_47' title='bbox 1105 584 1224 644; x_wconf 77' lang='grc' dir='ltr'>σήπη</span> <span class='ocrx_word' id='word_1_48' title='bbox 1253 599 1328 642; x_wconf 83' lang='lat' dir='ltr'>pro</span> <span class='ocrx_word' id='word_1_49' title='bbox 1357 583 1529 643; x_wconf 78' lang='grc' dir='ltr'><strong><em>σαπριά</em></strong></span> <span class='ocrx_word' id='word_1_50' title='bbox 1554 587 1598 628; x_wconf 87' lang='lat' dir='ltr'>in</span> <span class='ocrx_word' id='word_1_51' title='bbox 1623 598 1720 628; x_wconf 60' lang='lat' dir='ltr'>ven«.</span> 
     </span>
     <span class='ocr_line' id='line_1_7' title="bbox 246 649 1721 715; baseline -0.003 -15"><span class='ocrx_word' id='word_1_52' title='bbox 246 660 363 700; x_wconf 86' lang='lat' dir='ltr'>sione</span> <span class='ocrx_word' id='word_1_53' title='bbox 394 654 587 711; x_wconf 80' lang='lat' dir='ltr'>Aquilae,</span> <span class='ocrx_word' id='word_1_54' title='bbox 610 657 675 708; x_wconf 85' lang='lat'>¹¹)</span> <span class='ocrx_word' id='word_1_55' title='bbox 715 651 883 710; x_wconf 77' lang='grc' dir='ltr'><em>γραφή,</em></span> <span class='ocrx_word' id='word_1_56' title='bbox 920 653 1081 710; x_wconf 73' lang='grc' dir='ltr'><em>γλυφή,</em></span> <span class='ocrx_word' id='word_1_57' title='bbox 1121 650 1266 708; x_wconf 80' lang='grc' dir='ltr'><em>δρυφή</em></span> <span class='ocrx_word' id='word_1_58' title='bbox 1306 658 1346 694; x_wconf 86' lang='lat' dir='ltr'>et</span> <span class='ocrx_word' id='word_1_59' title='bbox 1385 649 1721 715; x_wconf 62' lang='grc' dir='ltr'><em>προῦποστυφὴ,</em></span> 
     </span>
     <span class='ocr_line' id='line_1_8' title="bbox 244 717 1719 779; baseline -0.003 -14"><span class='ocrx_word' id='word_1_60' title='bbox 244 722 373 779; x_wconf 86' lang='lat' dir='ltr'><strong>Epist.</strong></span> <span class='ocrx_word' id='word_1_61' title='bbox 402 720 576 776; x_wconf 84' lang='lat' dir='ltr'>Pythag.</span> <span class='ocrx_word' id='word_1_62' title='bbox 607 735 643 778; x_wconf 90' lang='lat' dir='ltr'>p.</span> <span class='ocrx_word' id='word_1_63' title='bbox 678 720 745 763; x_wconf 79' lang='grc'>56.</span> <span class='ocrx_word' id='word_1_64' title='bbox 777 720 840 763; x_wconf 85' lang='lat' dir='ltr'>ed.</span> <span class='ocrx_word' id='word_1_65' title='bbox 872 717 1001 761; x_wconf 88' lang='lat' dir='ltr'>Orell.</span> <span class='ocrx_word' id='word_1_66' title='bbox 1042 720 1123 762; x_wconf 89' lang='lat' dir='ltr'>nisi</span> <span class='ocrx_word' id='word_1_67' title='bbox 1162 718 1267 762; x_wconf 88' lang='lat' dir='ltr'>haec</span> <span class='ocrx_word' id='word_1_68' title='bbox 1306 719 1386 762; x_wconf 88' lang='lat' dir='ltr'>duo</span> <span class='ocrx_word' id='word_1_69' title='bbox 1421 719 1624 775; x_wconf 78' lang='lat' dir='ltr'>pertinent</span> <span class='ocrx_word' id='word_1_70' title='bbox 1661 717 1719 761; x_wconf 70' lang='lat' dir='ltr'>ati</span> 
     </span>
     <span class='ocr_line' id='line_1_9' title="bbox 244 782 1717 843; baseline -0.003 -12"><span class='ocrx_word' id='word_1_71' title='bbox 244 789 360 832; x_wconf 90' lang='lat' dir='ltr'>illum</span> <span class='ocrx_word' id='word_1_72' title='bbox 399 788 553 837; x_wconf 88' lang='lat' dir='ltr'>locum,</span> <span class='ocrx_word' id='word_1_73' title='bbox 591 801 671 843; x_wconf 91' lang='lat' dir='ltr'>quo</span> <span class='ocrx_word' id='word_1_74' title='bbox 709 793 864 829; x_wconf 85' lang='lat' dir='ltr'>mutata</span> <span class='ocrx_word' id='word_1_75' title='bbox 900 792 1183 828; x_wconf 85' lang='lat' dir='ltr'>recensentur.</span> <span class='ocrx_word' id='word_1_76' title='bbox 1244 783 1364 836; x_wconf 86' lang='lat' dir='ltr'>Quod</span> <span class='ocrx_word' id='word_1_77' title='bbox 1397 798 1472 841; x_wconf 88' lang='lat' dir='ltr'>pro</span> <span class='ocrx_word' id='word_1_78' title='bbox 1506 782 1634 840; x_wconf 71' lang='grc' dir='ltr'>στίβη</span> <span class='ocrx_word' id='word_1_79' title='bbox 1673 785 1717 827; x_wconf 82' lang='lat' dir='ltr'>in</span> 
     </span>
     <span class='ocr_line' id='line_1_10' title="bbox 246 849 1718 908; baseline -0.004 -9"><span class='ocrx_word' id='word_1_80' title='bbox 246 855 338 899; x_wconf 89' lang='lat' dir='ltr'>cod</span> <span class='ocrx_word' id='word_1_81' title='bbox 369 854 490 897; x_wconf 84' lang='lat' dir='ltr'>Anth.</span> <span class='ocrx_word' id='word_1_82' title='bbox 519 853 611 896; x_wconf 82' lang='lat' dir='ltr'><strong>XII.</strong></span> <span class='ocrx_word' id='word_1_83' title='bbox 640 853 733 895; x_wconf 91' lang='grc'><strong>102.</strong></span> <span class='ocrx_word' id='word_1_84' title='bbox 764 854 957 908; x_wconf 87' lang='lat' dir='ltr'>scriptum</span> <span class='ocrx_word' id='word_1_85' title='bbox 988 858 1051 894; x_wconf 89' lang='lat' dir='ltr'>est</span> <span class='ocrx_word' id='word_1_86' title='bbox 1079 849 1230 906; x_wconf 81' lang='grc' dir='ltr'>στείβη</span> <span class='ocrx_word' id='word_1_87' title='bbox 1258 852 1443 906; x_wconf 78' lang='lat' dir='ltr'>rejicitur</span> <span class='ocrx_word' id='word_1_88' title='bbox 1473 851 1718 895; x_wconf 77' lang='lat' dir='ltr'>auctoritato</span> 
     </span>
     <span class='ocr_line' id='line_1_11' title="bbox 247 917 1717 977; baseline -0.003 -11"><span class='ocrx_word' id='word_1_89' title='bbox 247 925 418 967; x_wconf 85' lang='lat' dir='ltr'>canonis</span> <span class='ocrx_word' id='word_1_90' title='bbox 449 921 503 965; x_wconf 83' lang='grc' dir='ltr'>τὰ</span> <span class='ocrx_word' id='word_1_91' title='bbox 538 919 602 973; x_wconf 81' lang='grc' dir='ltr'>εἷς</span> <span class='ocrx_word' id='word_1_92' title='bbox 638 940 664 976; x_wconf 88' lang='grc' dir='ltr'>η</span> <span class='ocrx_word' id='word_1_93' title='bbox 700 919 851 974; x_wconf 66' lang='grc' dir='ltr'><strong><em>ἔχοντα</em></strong></span> <span class='ocrx_word' id='word_1_94' title='bbox 878 919 968 975; x_wconf 78' lang='grc' dir='ltr'>πρὸ</span> <span class='ocrx_word' id='word_1_95' title='bbox 1002 922 1082 963; x_wconf 81' lang='grc' dir='ltr'>τοῦ</span> <span class='ocrx_word' id='word_1_96' title='bbox 1120 938 1146 977; x_wconf 86' lang='grc' dir='ltr'>η</span> <span class='ocrx_word' id='word_1_97' title='bbox 1183 917 1228 963; x_wconf 79' lang='grc' dir='ltr'>ἓν</span> <span class='ocrx_word' id='word_1_98' title='bbox 1255 922 1342 963; x_wconf 80' lang='grc' dir='ltr'>τῶν</span> <span class='ocrx_word' id='word_1_99' title='bbox 1369 919 1515 974; x_wconf 78' lang='grc' dir='ltr'><em>μέσων</em></span> <span class='ocrx_word' id='word_1_100' title='bbox 1544 917 1596 963; x_wconf 78' lang='grc' dir='ltr'>οὗ</span> <span class='ocrx_word' id='word_1_101' title='bbox 1627 935 1717 962; x_wconf 75' lang='grc' dir='ltr'>παι·</span> 
     </span>
     <span class='ocr_line' id='line_1_12' title="bbox 247 982 1716 1048; baseline -0.006 -13"><span class='ocrx_word' id='word_1_102' title='bbox 247 990 484 1047; x_wconf 79' lang='grc' dir='ltr'><em>ραλήγεται</em></span> <span class='ocrx_word' id='word_1_103' title='bbox 514 994 567 1048; x_wconf 71' lang='grc' dir='ltr'>τῆ</span> <span class='ocrx_word' id='word_1_104' title='bbox 608 1008 648 1033; x_wconf 77' lang='grc' dir='ltr'>ει</span> <span class='ocrx_word' id='word_1_105' title='bbox 682 989 961 1032; x_wconf 84' lang='lat' dir='ltr'>Ghoerohosc.</span> <span class='ocrx_word' id='word_1_106' title='bbox 994 988 1129 1031; x_wconf 85' lang='lat' dir='ltr'>Cram.</span> <span class='ocrx_word' id='word_1_107' title='bbox 1155 987 1325 1031; x_wconf 61' lang='grc'><strong>11258.</strong></span> <span class='ocrx_word' id='word_1_108' title='bbox 1355 1000 1518 1044; x_wconf 77' lang='lat' dir='ltr'>unaque</span> <span class='ocrx_word' id='word_1_109' title='bbox 1553 982 1716 1041; x_wconf 69' lang='grc' dir='ltr'><em>ἆμειβή</em></span> 
     </span>
     <span class='ocr_line' id='line_1_13' title="bbox 248 1050 1718 1114; baseline -0.005 -14"><span class='ocrx_word' id='word_1_110' title='bbox 248 1058 436 1114; x_wconf 86' lang='lat' dir='ltr'>Hippocr.</span> <span class='ocrx_word' id='word_1_111' title='bbox 466 1055 601 1099; x_wconf 87' lang='lat' dir='ltr'>Diaet</span> <span class='ocrx_word' id='word_1_112' title='bbox 625 1056 654 1099; x_wconf 94' lang='lat' dir='ltr'>I.</span> <span class='ocrx_word' id='word_1_113' title='bbox 677 1057 743 1106; x_wconf 96' lang='grc'>10</span> <span class='ocrx_word' id='word_1_114' title='bbox 766 1056 861 1098; x_wconf 82' lang='grc'><strong>637.</strong></span> <span class='ocrx_word' id='word_1_115' title='bbox 890 1054 941 1096; x_wconf 82' lang='lat' dir='ltr'>T.</span> <span class='ocrx_word' id='word_1_116' title='bbox 957 1053 987 1096; x_wconf 95' lang='grc' dir='ltr'>Ι.</span> <span class='ocrx_word' id='word_1_117' title='bbox 1021 1067 1047 1097; x_wconf 87' lang='lat' dir='ltr'>a</span> <span class='ocrx_word' id='word_1_118' title='bbox 1074 1054 1249 1098; x_wconf 86' lang='lat' dir='ltr'>librario</span> <span class='ocrx_word' id='word_1_119' title='bbox 1275 1054 1450 1098; x_wconf 82' lang='lat' dir='ltr'>illatum.</span> <span class='ocrx_word' id='word_1_120' title='bbox 1507 1053 1548 1095; x_wconf 84' lang='lat' dir='ltr'>A</span> <span class='ocrx_word' id='word_1_121' title='bbox 1575 1050 1718 1094; x_wconf 69' lang='lat' dir='ltr'>verbis</span> 
     </span>
     <span class='ocr_line' id='line_1_14' title="bbox 245 1116 1721 1178; baseline -0.005 -12"><span class='ocrx_word' id='word_1_122' title='bbox 245 1123 454 1167; x_wconf 83' lang='lat' dir='ltr'>secundae</span> <span class='ocrx_word' id='word_1_123' title='bbox 485 1123 787 1178; x_wconf 79' lang='lat' dir='ltr'>conjugationis</span> <span class='ocrx_word' id='word_1_124' title='bbox 817 1127 908 1163; x_wconf 84' lang='lat' dir='ltr'>orta</span> <span class='ocrx_word' id='word_1_125' title='bbox 945 1127 1037 1163; x_wconf 87' lang='lat' dir='ltr'>sunt</span> <span class='ocrx_word' id='word_1_126' title='bbox 1065 1120 1192 1175; x_wconf 78' lang='grc' dir='ltr'>στέγη</span> <span class='ocrx_word' id='word_1_127' title='bbox 1223 1120 1348 1178; x_wconf 81' lang='grc' dir='ltr'><em>παρὰ</em></span> <span class='ocrx_word' id='word_1_128' title='bbox 1371 1117 1423 1164; x_wconf 77' lang='grc' dir='ltr'>τό</span> <span class='ocrx_word' id='word_1_129' title='bbox 1452 1119 1590 1174; x_wconf 77' lang='grc' dir='ltr'><em>στέγω</em></span> <span class='ocrx_word' id='word_1_130' title='bbox 1619 1116 1714 1159; x_wconf 87' lang='lat' dir='ltr'>EM</span> <span class='ocrx_word' id='word_1_131' title='bbox 1716 1136 1721 1141; x_wconf 50' lang='lat'><em>‘</em></span> 
     </span>
     <span class='ocr_line' id='line_1_15' title="bbox 244 1183 1712 1246; baseline -0.003 -13"><span class='ocrx_word' id='word_1_132' title='bbox 244 1191 340 1240; x_wconf 84' lang='lat'><strong>726,</strong></span> <span class='ocrx_word' id='word_1_133' title='bbox 367 1190 435 1232; x_wconf 88' lang='grc'>37.</span> <span class='ocrx_word' id='word_1_134' title='bbox 488 1185 610 1246; x_wconf 78' lang='grc' dir='ltr'>Θήγη</span> <span class='ocrx_word' id='word_1_135' title='bbox 643 1184 778 1243; x_wconf 72' lang='grc' dir='ltr'>ἀκόνη</span> <span class='ocrx_word' id='word_1_136' title='bbox 808 1188 968 1240; x_wconf 87' lang='lat' dir='ltr'>(omiss.</span> <span class='ocrx_word' id='word_1_137' title='bbox 984 1188 1024 1229; x_wconf 91' lang='lat' dir='ltr'>in</span> <span class='ocrx_word' id='word_1_138' title='bbox 1042 1185 1188 1238; x_wconf 89' lang='lat' dir='ltr'>Thes.)</span> <span class='ocrx_word' id='word_1_139' title='bbox 1220 1185 1363 1241; x_wconf 88' lang='lat' dir='ltr'>Cyrill.</span> <span class='ocrx_word' id='word_1_140' title='bbox 1380 1185 1482 1230; x_wconf 86' lang='lat' dir='ltr'>Lex</span> <span class='ocrx_word' id='word_1_141' title='bbox 1497 1199 1535 1229; x_wconf 87' lang='lat' dir='ltr'>v.</span> <span class='ocrx_word' id='word_1_142' title='bbox 1551 1183 1712 1230; x_wconf 85' lang='lat' dir='ltr'>Albert</span> 
     </span>
     <span class='ocr_line' id='line_1_16' title="bbox 246 1246 1713 1310; baseline -0.005 -11"><span class='ocrx_word' id='word_1_143' title='bbox 246 1257 299 1299; x_wconf 89' lang='lat' dir='ltr'>ad</span> <span class='ocrx_word' id='word_1_144' title='bbox 331 1255 430 1298; x_wconf 88' lang='lat' dir='ltr'>Hes</span> <span class='ocrx_word' id='word_1_145' title='bbox 471 1267 505 1297; x_wconf 79' lang='lat' dir='ltr'>s,</span> <span class='ocrx_word' id='word_1_146' title='bbox 570 1252 716 1310; x_wconf 77' lang='grc' dir='ltr'>Θήγη,</span> <span class='ocrx_word' id='word_1_147' title='bbox 754 1254 835 1295; x_wconf 90' lang='lat' dir='ltr'>nisi</span> <span class='ocrx_word' id='word_1_148' title='bbox 871 1250 1042 1309; x_wconf 76' lang='grc' dir='ltr'>θηγάνη</span> <span class='ocrx_word' id='word_1_149' title='bbox 1083 1254 1271 1308; x_wconf 81' lang='lat' dir='ltr'>scripsit,</span> <span class='ocrx_word' id='word_1_150' title='bbox 1307 1265 1472 1309; x_wconf 88' lang='lat' dir='ltr'>unaque</span> <span class='ocrx_word' id='word_1_151' title='bbox 1510 1247 1643 1307; x_wconf 81' lang='grc' dir='ltr'>τρύγη</span> <span class='ocrx_word' id='word_1_152' title='bbox 1685 1246 1713 1306; x_wconf 80' lang='grc' dir='ltr'><em>ἡ</em></span> 
     </span>
     <span class='ocr_line' id='line_1_17' title="bbox 246 1315 1716 1378; baseline -0.003 -13"><span class='ocrx_word' id='word_1_153' title='bbox 246 1321 434 1378; x_wconf 81' lang='grc' dir='ltr'>ξηρασίοι</span> <span class='ocrx_word' id='word_1_154' title='bbox 463 1320 561 1364; x_wconf 89' lang='lat' dir='ltr'>Sch.</span> <span class='ocrx_word' id='word_1_155' title='bbox 581 1318 671 1362; x_wconf 88' lang='lat' dir='ltr'>Nic.</span> <span class='ocrx_word' id='word_1_156' title='bbox 692 1319 770 1361; x_wconf 88' lang='lat' dir='ltr'>Th.</span> <span class='ocrx_word' id='word_1_157' title='bbox 787 1318 882 1361; x_wconf 74' lang='lat'>358.</span> <span class='ocrx_word' id='word_1_158' title='bbox 913 1331 940 1360; x_wconf 84' lang='lat' dir='ltr'>a</span> <span class='ocrx_word' id='word_1_159' title='bbox 967 1315 1140 1375; x_wconf 80' lang='grc' dir='ltr'><em>τρὺγειν</em></span> <span class='ocrx_word' id='word_1_160' title='bbox 1169 1316 1388 1374; x_wconf 78' lang='grc' dir='ltr'>ξηραίνειν</span> <span class='ocrx_word' id='word_1_161' title='bbox 1414 1317 1514 1361; x_wconf 82' lang='lat' dir='ltr'>Hes.</span> <span class='ocrx_word' id='word_1_162' title='bbox 1543 1323 1584 1360; x_wconf 78' lang='lat' dir='ltr'>et</span> <span class='ocrx_word' id='word_1_163' title='bbox 1613 1329 1716 1371; x_wconf 88' lang='lat' dir='ltr'>oxy-</span> 
     </span>
     <span class='ocr_line' id='line_1_18' title="bbox 243 1380 1714 1443; baseline -0.005 -12"><span class='ocrx_word' id='word_1_164' title='bbox 243 1396 343 1432; x_wconf 81' lang='lat' dir='ltr'>tona</span> <span class='ocrx_word' id='word_1_165' title='bbox 373 1384 525 1443; x_wconf 79' lang='grc' dir='ltr'>ἇνοιγή</span> <span class='ocrx_word' id='word_1_166' title='bbox 557 1383 937 1440; x_wconf 83' lang='lat' dir='ltr'>Joann.Ch1-ys0st.</span> <span class='ocrx_word' id='word_1_167' title='bbox 965 1383 1172 1440; x_wconf 89' lang='lat' dir='ltr'>multoque</span> <span class='ocrx_word' id='word_1_168' title='bbox 1204 1385 1411 1440; x_wconf 86' lang='lat' dir='ltr'>antiquius</span> <span class='ocrx_word' id='word_1_169' title='bbox 1443 1380 1602 1439; x_wconf 80' lang='grc' dir='ltr'><em>ἇνωγή,</em></span> <span class='ocrx_word' id='word_1_170' title='bbox 1630 1389 1714 1425; x_wconf 84' lang='lat' dir='ltr'>tum</span> 
     </span>
     <span class='ocr_line' id='line_1_19' title="bbox 243 1448 1715 1509; baseline -0.005 -11"><span class='ocrx_word' id='word_1_171' title='bbox 243 1455 391 1498; x_wconf 88' lang='lat' dir='ltr'>deinde</span> <span class='ocrx_word' id='word_1_172' title='bbox 416 1449 568 1509; x_wconf 82' lang='grc' dir='ltr'><em>βοσκή,</em></span> <span class='ocrx_word' id='word_1_173' title='bbox 598 1449 734 1507; x_wconf 82' lang='grc' dir='ltr'><em>διωκή</em></span> <span class='ocrx_word' id='word_1_174' title='bbox 766 1452 925 1505; x_wconf 92' lang='lat' dir='ltr'>(omiss.</span> <span class='ocrx_word' id='word_1_175' title='bbox 950 1452 992 1492; x_wconf 89' lang='lat' dir='ltr'>in</span> <span class='ocrx_word' id='word_1_176' title='bbox 1010 1449 1109 1503; x_wconf 89' lang='lat' dir='ltr'><strong>Th.)</strong></span> <span class='ocrx_word' id='word_1_177' title='bbox 1127 1451 1251 1494; x_wconf 87' lang='lat' dir='ltr'>Anna</span> <span class='ocrx_word' id='word_1_178' title='bbox 1266 1449 1409 1494; x_wconf 83' lang='lat' dir='ltr'>Comn.</span> <span class='ocrx_word' id='word_1_179' title='bbox 1428 1448 1617 1493; x_wconf 83' lang='lat' dir='ltr'><strong>lx.249.</strong></span> <span class='ocrx_word' id='word_1_180' title='bbox 1647 1450 1715 1492; x_wconf 88' lang='lat' dir='ltr'>cui</span> 
     </span>
     <span class='ocr_line' id='line_1_20' title="bbox 243 1513 1714 1577; baseline -0.004 -14"><span class='ocrx_word' id='word_1_181' title='bbox 243 1521 419 1577; x_wconf 81' lang='lat' dir='ltr'>praeivit</span> <span class='ocrx_word' id='word_1_182' title='bbox 447 1518 699 1561; x_wconf 83' lang='lat' dir='ltr'>homericum</span> <span class='ocrx_word' id='word_1_183' title='bbox 730 1514 862 1573; x_wconf 81' lang='grc' dir='ltr'><em>ἶωκή,</em></span> <span class='ocrx_word' id='word_1_184' title='bbox 896 1524 936 1559; x_wconf 82' lang='lat' dir='ltr'>et</span> <span class='ocrx_word' id='word_1_185' title='bbox 966 1513 1058 1559; x_wconf 74' lang='grc' dir='ltr'>ἀπὸ</span> <span class='ocrx_word' id='word_1_186' title='bbox 1097 1520 1177 1559; x_wconf 83' lang='grc' dir='ltr'>τοῦ</span> <span class='ocrx_word' id='word_1_187' title='bbox 1207 1514 1361 1574; x_wconf 71' lang='grc' dir='ltr'><strong><em>ἓρείκω</em></strong></span> <span class='ocrx_word' id='word_1_188' title='bbox 1400 1514 1547 1574; x_wconf 76' lang='grc' dir='ltr'>ἐρείκη</span> <span class='ocrx_word' id='word_1_189' title='bbox 1577 1515 1714 1558; x_wconf 72' lang='lat' dir='ltr'>Curam.</span> 
     </span>
     <span class='ocr_line' id='line_1_21' title="bbox 242 1581 1712 1634; baseline -0.003 -5"><span class='ocrx_word' id='word_1_190' title='bbox 242 1586 293 1629; x_wconf 92' lang='grc' dir='ltr'>ΙΙ.</span> <span class='ocrx_word' id='word_1_191' title='bbox 323 1586 419 1628; x_wconf 88' lang='grc'><strong>202.</strong></span> <span class='ocrx_word' id='word_1_192' title='bbox 459 1584 573 1627; x_wconf 92' lang='lat' dir='ltr'>Eust.</span> <span class='ocrx_word' id='word_1_193' title='bbox 606 1583 729 1634; x_wconf 83' lang='grc'><strong>1107,</strong></span> <span class='ocrx_word' id='word_1_194' title='bbox 758 1583 826 1626; x_wconf 84' lang='grc'>60.</span> <span class='ocrx_word' id='word_1_195' title='bbox 864 1596 948 1626; x_wconf 86' lang='lat' dir='ltr'>non</span> <span class='ocrx_word' id='word_1_196' title='bbox 989 1590 1134 1625; x_wconf 85' lang='lat' dir='ltr'>contra</span> <span class='ocrx_word' id='word_1_197' title='bbox 1167 1590 1210 1625; x_wconf 92' lang='lat' dir='ltr'>ut</span> <span class='ocrx_word' id='word_1_198' title='bbox 1246 1581 1388 1626; x_wconf 86' lang='lat' dir='ltr'>Schol.</span> <span class='ocrx_word' id='word_1_199' title='bbox 1416 1581 1570 1625; x_wconf 90' lang='lat' dir='ltr'>Aesch.</span> <span class='ocrx_word' id='word_1_200' title='bbox 1596 1581 1712 1625; x_wconf 85' lang='lat' dir='ltr'>Pers.</span> 
     </span>
     <span class='ocr_line' id='line_1_22' title="bbox 242 1645 1714 1709; baseline -0.003 -14"><span class='ocrx_word' id='word_1_201' title='bbox 242 1653 339 1695; x_wconf 83' lang='lat'>536.</span> <span class='ocrx_word' id='word_1_202' title='bbox 377 1651 524 1709; x_wconf 78' lang='grc' dir='ltr'>ἐρείκη</span> <span class='ocrx_word' id='word_1_203' title='bbox 562 1649 701 1706; x_wconf 72' lang='grc' dir='ltr'><strong><em>φυτὸν</em></strong></span> <span class='ocrx_word' id='word_1_204' title='bbox 737 1645 962 1702; x_wconf 67' lang='grc' dir='ltr'><strong><em>εῧσχιστον</em></strong></span> <span class='ocrx_word' id='word_1_205' title='bbox 995 1648 1107 1692; x_wconf 72' lang='grc' dir='ltr'>ὅθεν</span> <span class='ocrx_word' id='word_1_206' title='bbox 1144 1648 1218 1692; x_wconf 80' lang='grc' dir='ltr'>καὶ</span> <span class='ocrx_word' id='word_1_207' title='bbox 1253 1648 1301 1691; x_wconf 81' lang='grc' dir='ltr'>τὸ</span> <span class='ocrx_word' id='word_1_208' title='bbox 1337 1647 1646 1706; x_wconf 81' lang='grc' dir='ltr'><strong><em>κατερείκομαι</em></strong></span> <span class='ocrx_word' id='word_1_209' title='bbox 1673 1661 1714 1692; x_wconf 82' lang='lat' dir='ltr'>v.</span> 
     </span>
     <span class='ocr_line' id='line_1_23' title="bbox 241 1712 1710 1773; baseline -0.002 -12"><span class='ocrx_word' id='word_1_210' title='bbox 241 1719 436 1773; x_wconf 81' lang='lat' dir='ltr'>Prolegg.</span> <span class='ocrx_word' id='word_1_211' title='bbox 467 1719 561 1760; x_wconf 82' lang='lat'><strong>322.</strong></span> <span class='ocrx_word' id='word_1_212' title='bbox 619 1716 666 1758; x_wconf 93' lang='lat' dir='ltr'>In</span> <span class='ocrx_word' id='word_1_213' title='bbox 689 1717 813 1758; x_wconf 82' lang='lat' dir='ltr'>tertia</span> <span class='ocrx_word' id='word_1_214' title='bbox 840 1718 959 1772; x_wconf 82' lang='lat' dir='ltr'>quasi</span> <span class='ocrx_word' id='word_1_215' title='bbox 991 1717 1082 1759; x_wconf 88' lang='lat' dir='ltr'>acie</span> <span class='ocrx_word' id='word_1_216' title='bbox 1122 1717 1355 1768; x_wconf 35' lang='lat' dir='ltr'>consistunt·</span> <span class='ocrx_word' id='word_1_217' title='bbox 1378 1717 1563 1772; x_wconf 79' lang='lat' dir='ltr'>aspirata</span> <span class='ocrx_word' id='word_1_218' title='bbox 1590 1712 1710 1771; x_wconf 80' lang='grc' dir='ltr'><em>ψυχή</em></span> 
     </span>
     <span class='ocr_line' id='line_1_24' title="bbox 242 1778 1715 1840; baseline -0.005 -11"><span class='ocrx_word' id='word_1_219' title='bbox 242 1784 368 1840; x_wconf 75' lang='grc' dir='ltr'><em>παρὰ</em></span> <span class='ocrx_word' id='word_1_220' title='bbox 397 1783 445 1826; x_wconf 75' lang='grc' dir='ltr'>τὸ</span> <span class='ocrx_word' id='word_1_221' title='bbox 474 1781 601 1839; x_wconf 80' lang='grc' dir='ltr'><em>ψύχω</em></span> <span class='ocrx_word' id='word_1_222' title='bbox 632 1781 767 1824; x_wconf 81' lang='lat' dir='ltr'>Gram.</span> <span class='ocrx_word' id='word_1_223' title='bbox 798 1780 848 1822; x_wconf 91' lang='lat' dir='ltr'>ll.</span> <span class='ocrx_word' id='word_1_224' title='bbox 877 1781 974 1824; x_wconf 80' lang='lat'><strong>425.</strong></span> <span class='ocrx_word' id='word_1_225' title='bbox 1010 1779 1133 1838; x_wconf 76' lang='grc' dir='ltr'><em>ἀρχή,</em></span> <span class='ocrx_word' id='word_1_226' title='bbox 1165 1778 1283 1838; x_wconf 80' lang='grc' dir='ltr'><em>εὗχή,</em></span> <span class='ocrx_word' id='word_1_227' title='bbox 1313 1779 1443 1837; x_wconf 80' lang='grc' dir='ltr'>μάχη,</span> <span class='ocrx_word' id='word_1_228' title='bbox 1475 1778 1591 1838; x_wconf 75' lang='grc' dir='ltr'><em>ἰαχή,</em></span> <span class='ocrx_word' id='word_1_229' title='bbox 1620 1787 1715 1824; x_wconf 70' lang='lat' dir='ltr'>oie·-</span> 
     </span>
     <span class='ocr_line' id='line_1_25' title="bbox 241 1845 1712 1908; baseline -0.005 -14"><span class='ocrx_word' id='word_1_230' title='bbox 241 1848 347 1908; x_wconf 82' lang='grc' dir='ltr'><strong><em>ναχή</em></strong></span> <span class='ocrx_word' id='word_1_231' title='bbox 379 1850 431 1894; x_wconf 88' lang='lat' dir='ltr'>ab</span> <span class='ocrx_word' id='word_1_232' title='bbox 451 1848 727 1905; x_wconf 83' lang='lat' dir='ltr'>Aristophane</span> <span class='ocrx_word' id='word_1_233' title='bbox 759 1850 951 1904; x_wconf 90' lang='lat' dir='ltr'>scriptum</span> <span class='ocrx_word' id='word_1_234' title='bbox 974 1846 1197 1891; x_wconf 77' lang='lat' dir='ltr'><strong>0‹1.V.S3.</strong></span> <span class='ocrx_word' id='word_1_235' title='bbox 1228 1850 1293 1892; x_wconf 90' lang='lat' dir='ltr'>cui</span> <span class='ocrx_word' id='word_1_236' title='bbox 1324 1846 1466 1892; x_wconf 90' lang='lat' dir='ltr'>Schol.</span> <span class='ocrx_word' id='word_1_237' title='bbox 1484 1846 1532 1892; x_wconf 89' lang='lat' dir='ltr'>ll.</span> <span class='ocrx_word' id='word_1_238' title='bbox 1555 1845 1712 1890; x_wconf 87' lang='lat' dir='ltr'><strong>XXIV.</strong></span> 
     </span>
     <span class='ocr_line' id='line_1_26' title="bbox 241 1910 1711 1973; baseline -0.003 -14"><span class='ocrx_word' id='word_1_239' title='bbox 241 1916 337 1959; x_wconf 80' lang='lat'><strong>512.</strong></span> <span class='ocrx_word' id='word_1_240' title='bbox 367 1916 548 1973; x_wconf 80' lang='lat' dir='ltr'>praefert</span> <span class='ocrx_word' id='word_1_241' title='bbox 581 1912 764 1970; x_wconf 77' lang='grc' dir='ltr'><strong><em>στοναχή</em></strong></span> <span class='ocrx_word' id='word_1_242' title='bbox 797 1916 1103 1971; x_wconf 86' lang='lat' dir='ltr'>comparatione</span> <span class='ocrx_word' id='word_1_243' title='bbox 1136 1916 1276 1972; x_wconf 84' lang='lat' dir='ltr'>inepta</span> <span class='ocrx_word' id='word_1_244' title='bbox 1304 1913 1494 1969; x_wconf 79' lang='grc' dir='ltr'><em>στενάχω</em></span> <span class='ocrx_word' id='word_1_245' title='bbox 1525 1910 1711 1970; x_wconf 81' lang='grc' dir='ltr'><strong><em>στοναχή</em></strong></span> 
     </span>
     <span class='ocr_line' id='line_1_27' title="bbox 244 1977 1718 2036; baseline -0.003 -11"><span class='ocrx_word' id='word_1_246' title='bbox 244 1981 303 2033; x_wconf 84' lang='grc' dir='ltr'>ὡς</span> <span class='ocrx_word' id='word_1_247' title='bbox 332 1983 447 2035; x_wconf 80' lang='grc' dir='ltr'><em>μένω</em></span> <span class='ocrx_word' id='word_1_248' title='bbox 463 1980 586 2036; x_wconf 81' lang='grc' dir='ltr'><em>μονή,</em></span> <span class='ocrx_word' id='word_1_249' title='bbox 617 1980 727 2034; x_wconf 79' lang='grc' dir='ltr'><em>λέγω</em></span> <span class='ocrx_word' id='word_1_250' title='bbox 749 1977 890 2034; x_wconf 82' lang='grc' dir='ltr'><em>λόγος,</em></span> <span class='ocrx_word' id='word_1_251' title='bbox 919 1987 958 2022; x_wconf 80' lang='lat' dir='ltr'>et</span> <span class='ocrx_word' id='word_1_252' title='bbox 976 1980 1194 2035; x_wconf 82' lang='lat' dir='ltr'>syntheton</span> <span class='ocrx_word' id='word_1_253' title='bbox 1224 1979 1409 2036; x_wconf 77' lang='grc' dir='ltr'>κυνάγχη</span> <span class='ocrx_word' id='word_1_254' title='bbox 1438 1987 1482 2024; x_wconf 87' lang='lat' dir='ltr'>ut</span> <span class='ocrx_word' id='word_1_255' title='bbox 1510 1977 1718 2035; x_wconf 57' lang='grc' dir='ltr'>οἰνάνθη.</span> 
     </span>
     <span class='ocr_line' id='line_1_28' title="bbox 241 2042 1717 2103; baseline -0.002 -13"><span class='ocrx_word' id='word_1_256' title='bbox 241 2047 281 2090; x_wconf 88' lang='grc' dir='ltr'><strong>Α</strong></span> <span class='ocrx_word' id='word_1_257' title='bbox 311 2047 545 2090; x_wconf 83' lang='lat' dir='ltr'>dentalibus</span> <span class='ocrx_word' id='word_1_258' title='bbox 572 2046 728 2100; x_wconf 86' lang='lat' dir='ltr'>primae</span> <span class='ocrx_word' id='word_1_259' title='bbox 758 2044 910 2087; x_wconf 88' lang='lat' dir='ltr'>classis</span> <span class='ocrx_word' id='word_1_260' title='bbox 941 2042 1076 2101; x_wconf 66' lang='grc' dir='ltr'>ἔρδοι,</span> <span class='ocrx_word' id='word_1_261' title='bbox 1110 2044 1221 2103; x_wconf 73' lang='grc' dir='ltr'>Εἴδη</span> <span class='ocrx_word' id='word_1_262' title='bbox 1252 2042 1363 2102; x_wconf 74' lang='grc' dir='ltr'><strong><em>ὄψις</em></strong></span> <span class='ocrx_word' id='word_1_263' title='bbox 1398 2045 1496 2090; x_wconf 80' lang='lat' dir='ltr'>HeS.</span> <span class='ocrx_word' id='word_1_264' title='bbox 1527 2046 1603 2089; x_wconf 88' lang='lat' dir='ltr'>sed</span> <span class='ocrx_word' id='word_1_265' title='bbox 1630 2044 1717 2088; x_wconf 82' lang='lat' dir='ltr'>hoc.</span> 
     </span>
     <span class='ocr_line' id='line_1_29' title="bbox 243 2108 1709 2168; baseline -0.003 -11"><span class='ocrx_word' id='word_1_266' title='bbox 243 2113 468 2157; x_wconf 83' lang='lat' dir='ltr'>dubitabile</span> <span class='ocrx_word' id='word_1_267' title='bbox 513 2111 611 2168; x_wconf 84' lang='lat' dir='ltr'>quia</span> <span class='ocrx_word' id='word_1_268' title='bbox 650 2108 967 2154; x_wconf 87' lang='lat' dir='ltr'>Choeroboscus</span> <span class='ocrx_word' id='word_1_269' title='bbox 1013 2109 1148 2154; x_wconf 86' lang='lat' dir='ltr'>Cram.</span> <span class='ocrx_word' id='word_1_270' title='bbox 1182 2111 1214 2154; x_wconf 94' lang='grc' dir='ltr'>Ι.</span> <span class='ocrx_word' id='word_1_271' title='bbox 1240 2111 1337 2154; x_wconf 78' lang='grc'><strong>258.</strong></span> <span class='ocrx_word' id='word_1_272' title='bbox 1375 2110 1472 2167; x_wconf 81' lang='lat' dir='ltr'>EM.</span> <span class='ocrx_word' id='word_1_273' title='bbox 1501 2111 1609 2162; x_wconf 77' lang='lat'><strong>465,</strong></span> <span class='ocrx_word' id='word_1_274' title='bbox 1639 2112 1709 2154; x_wconf 85' lang='lat'>53.</span> 
     </span>
     <span class='ocr_line' id='line_1_30' title="bbox 242 2170 1712 2237; baseline 0.001 -15"><span class='ocrx_word' id='word_1_275' title='bbox 242 2179 534 2236; x_wconf 85' lang='lat' dir='ltr'>diphthongum</span> <span class='ocrx_word' id='word_1_276' title='bbox 558 2170 612 2222; x_wconf 57' lang='grc' dir='ltr'>ἐἶ</span> <span class='ocrx_word' id='word_1_277' title='bbox 635 2185 728 2221; x_wconf 88' lang='lat' dir='ltr'>ante</span> <span class='ocrx_word' id='word_1_278' title='bbox 757 2181 1086 2223; x_wconf 83' lang='lat' dir='ltr'>terminationem</span> <span class='ocrx_word' id='word_1_279' title='bbox 1107 2171 1176 2237; x_wconf 60' lang='grc' dir='ltr'><strong><em>ἷῆ</em></strong></span> <span class='ocrx_word' id='word_1_280' title='bbox 1200 2181 1375 2237; x_wconf 83' lang='lat' dir='ltr'>reperiri</span> <span class='ocrx_word' id='word_1_281' title='bbox 1393 2187 1532 2236; x_wconf 85' lang='lat' dir='ltr'>negat.</span> <span class='ocrx_word' id='word_1_282' title='bbox 1579 2181 1619 2223; x_wconf 84' lang='lat' dir='ltr'><strong>A</strong></span> <span class='ocrx_word' id='word_1_283' title='bbox 1642 2194 1712 2224; x_wconf 84' lang='lat' dir='ltr'>se-</span> 
     </span>
     <span class='ocr_line' id='line_1_31' title="bbox 242 2240 1711 2306; baseline 0.001 -17"><span class='ocrx_word' id='word_1_284' title='bbox 242 2246 377 2289; x_wconf 87' lang='lat' dir='ltr'>cunda</span> <span class='ocrx_word' id='word_1_285' title='bbox 409 2251 574 2302; x_wconf 85' lang='lat' dir='ltr'>praeter</span> <span class='ocrx_word' id='word_1_286' title='bbox 613 2240 692 2301; x_wconf 66' lang='grc' dir='ltr'>ἔζη</span> <span class='ocrx_word' id='word_1_287' title='bbox 728 2245 864 2289; x_wconf 88' lang='lat' dir='ltr'>ionice</span> <span class='ocrx_word' id='word_1_288' title='bbox 902 2248 1162 2289; x_wconf 85' lang='lat' dir='ltr'>terminatum</span> <span class='ocrx_word' id='word_1_289' title='bbox 1201 2247 1308 2303; x_wconf 84' lang='lat' dir='ltr'>apud</span> <span class='ocrx_word' id='word_1_290' title='bbox 1338 2245 1506 2290; x_wconf 86' lang='lat' dir='ltr'>Celsum</span> <span class='ocrx_word' id='word_1_291' title='bbox 1541 2254 1711 2306; x_wconf 77' lang='lat' dir='ltr'>manant</span> 
     </span>
     <span class='ocr_line' id='line_1_32' title="bbox 238 2308 1714 2369; baseline 0.001 -15"><span class='ocrx_word' id='word_1_292' title='bbox 238 2312 345 2356; x_wconf 83' lang='lat' dir='ltr'>haec</span> <span class='ocrx_word' id='word_1_293' title='bbox 378 2308 482 2364; x_wconf 67' lang='grc' dir='ltr'><strong><em>ὄζοι,</em></strong></span> <span class='ocrx_word' id='word_1_294' title='bbox 512 2308 655 2364; x_wconf 82' lang='grc' dir='ltr'><em>σχίζα,</em></span> <span class='ocrx_word' id='word_1_295' title='bbox 686 2309 834 2364; x_wconf 60' lang='lat' dir='ltr'>artiga,</span> <span class='ocrx_word' id='word_1_296' title='bbox 861 2310 982 2366; x_wconf 82' lang='grc' dir='ltr'><em>βύζα,</em></span> <span class='ocrx_word' id='word_1_297' title='bbox 1015 2310 1146 2365; x_wconf 79' lang='grc' dir='ltr'><strong><em>κνύζα</em></strong></span> <span class='ocrx_word' id='word_1_298' title='bbox 1174 2311 1299 2369; x_wconf 81' lang='grc' dir='ltr'><strong><em>παρὰ</em></strong></span> <span class='ocrx_word' id='word_1_299' title='bbox 1324 2311 1372 2356; x_wconf 86' lang='grc' dir='ltr'>τὸ</span> <span class='ocrx_word' id='word_1_300' title='bbox 1405 2312 1541 2366; x_wconf 79' lang='grc' dir='ltr'><em>κνύζω</em></span> <span class='ocrx_word' id='word_1_301' title='bbox 1572 2312 1714 2356; x_wconf 77' lang='lat' dir='ltr'>Graiu.-</span> 
     </span>
     <span class='ocr_line' id='line_1_33' title="bbox 239 2376 1711 2436; baseline 0.002 -17"><span class='ocrx_word' id='word_1_302' title='bbox 239 2377 271 2421; x_wconf 95' lang='lat' dir='ltr'>I.</span> <span class='ocrx_word' id='word_1_303' title='bbox 294 2379 391 2420; x_wconf 85' lang='grc'><strong>222.</strong></span> <span class='ocrx_word' id='word_1_304' title='bbox 422 2377 497 2419; x_wconf 85' lang='lat' dir='ltr'>sed</span> <span class='ocrx_word' id='word_1_305' title='bbox 526 2384 565 2420; x_wconf 86' lang='lat' dir='ltr'>et</span> <span class='ocrx_word' id='word_1_306' title='bbox 593 2376 711 2420; x_wconf 86' lang='lat' dir='ltr'>verbi</span> <span class='ocrx_word' id='word_1_307' title='bbox 745 2379 947 2435; x_wconf 81' lang='lat' dir='ltr'>scriptura</span> <span class='ocrx_word' id='word_1_308' title='bbox 976 2385 1169 2436; x_wconf 87' lang='lat' dir='ltr'>suspecta</span> <span class='ocrx_word' id='word_1_309' title='bbox 1197 2385 1261 2422; x_wconf 90' lang='lat' dir='ltr'>est</span> <span class='ocrx_word' id='word_1_310' title='bbox 1292 2392 1331 2422; x_wconf 85' lang='lat' dir='ltr'>v.</span> <span class='ocrx_word' id='word_1_311' title='bbox 1358 2377 1471 2422; x_wconf 84' lang='lat' dir='ltr'>Diss.</span> <span class='ocrx_word' id='word_1_312' title='bbox 1501 2378 1568 2422; x_wconf 83' lang='lat' dir='ltr'>lv.</span> <span class='ocrx_word' id='word_1_313' title='bbox 1597 2381 1638 2422; x_wconf 85' lang='lat'>2.</span> <span class='ocrx_word' id='word_1_314' title='bbox 1669 2387 1711 2423; x_wconf 79' lang='lat' dir='ltr'>et</span> 
     </span>
     <span class='ocr_line' id='line_1_34' title="bbox 239 2441 1709 2501; baseline 0.003 -16"><span class='ocrx_word' id='word_1_315' title='bbox 239 2457 389 2486; x_wconf 88' lang='lat' dir='ltr'>nomen</span> <span class='ocrx_word' id='word_1_316' title='bbox 417 2443 521 2485; x_wconf 90' lang='lat' dir='ltr'>illud</span> <span class='ocrx_word' id='word_1_317' title='bbox 540 2441 801 2487; x_wconf 83' lang='lat' dir='ltr'>Herodianus</span> <span class='ocrx_word' id='word_1_318' title='bbox 833 2444 998 2487; x_wconf 88' lang='lat' dir='ltr'>aliunde</span> <span class='ocrx_word' id='word_1_319' title='bbox 1017 2446 1164 2501; x_wconf 86' lang='lat' dir='ltr'>repetit</span> <span class='ocrx_word' id='word_1_320' title='bbox 1179 2458 1219 2487; x_wconf 77' lang='lat' dir='ltr'>v.</span> <span class='ocrx_word' id='word_1_321' title='bbox 1242 2443 1369 2487; x_wconf 88' lang='lat' dir='ltr'>Proll.</span> <span class='ocrx_word' id='word_1_322' title='bbox 1384 2443 1481 2488; x_wconf 82' lang='grc'><strong>406.</strong></span> <span class='ocrx_word' id='word_1_323' title='bbox 1528 2446 1567 2488; x_wconf 93' lang='grc' dir='ltr'><strong>Α</strong></span> <span class='ocrx_word' id='word_1_324' title='bbox 1585 2447 1709 2489; x_wconf 77' lang='lat' dir='ltr'>tertia</span> 
     </span>
     <span class='ocr_line' id='line_1_35' title="bbox 239 2509 1707 2568; baseline 0.002 -16"><span class='ocrx_word' id='word_1_325' title='bbox 239 2509 463 2552; x_wconf 85' lang='lat' dir='ltr'>dentalium</span> <span class='ocrx_word' id='word_1_326' title='bbox 500 2522 623 2552; x_wconf 90' lang='lat' dir='ltr'>unum</span> <span class='ocrx_word' id='word_1_327' title='bbox 659 2510 790 2567; x_wconf 68' lang='lat' dir='ltr'>vulgo¹</span> <span class='ocrx_word' id='word_1_328' title='bbox 824 2517 962 2554; x_wconf 89' lang='lat' dir='ltr'>notum</span> <span class='ocrx_word' id='word_1_329' title='bbox 998 2509 1118 2567; x_wconf 78' lang='grc' dir='ltr'>λήθη</span> <span class='ocrx_word' id='word_1_330' title='bbox 1157 2510 1231 2553; x_wconf 88' lang='lat' dir='ltr'>sed</span> <span class='ocrx_word' id='word_1_331' title='bbox 1269 2511 1390 2568; x_wconf 85' lang='lat' dir='ltr'>plura</span> <span class='ocrx_word' id='word_1_332' title='bbox 1424 2525 1500 2568; x_wconf 86' lang='lat' dir='ltr'>per</span> <span class='ocrx_word' id='word_1_333' title='bbox 1540 2511 1707 2555; x_wconf 84' lang='lat' dir='ltr'>lexicon</span> 
     </span>
     <span class='ocr_line' id='line_1_36' title="bbox 237 2573 1706 2634; baseline 0.003 -17"><span class='ocrx_word' id='word_1_334' title='bbox 237 2575 543 2633; x_wconf 85' lang='lat' dir='ltr'>Hesychianum</span> <span class='ocrx_word' id='word_1_335' title='bbox 581 2589 730 2632; x_wconf 86' lang='lat' dir='ltr'>sparsa</span> <span class='ocrx_word' id='word_1_336' title='bbox 756 2573 879 2634; x_wconf 73' lang='grc' dir='ltr'>Ὅθη</span> <span class='ocrx_word' id='word_1_337' title='bbox 921 2576 1121 2634; x_wconf 80' lang='grc' dir='ltr'><strong><em>φροντίς,</em></strong></span> <span class='ocrx_word' id='word_1_338' title='bbox 1157 2574 1318 2633; x_wconf 78' lang='grc' dir='ltr'>Πεύθη</span> <span class='ocrx_word' id='word_1_339' title='bbox 1348 2579 1521 2629; x_wconf 80' lang='grc' dir='ltr'><strong><em>πεῢσις,</em></strong></span> <span class='ocrx_word' id='word_1_340' title='bbox 1553 2574 1706 2621; x_wconf 73' lang='grc' dir='ltr'><strong>’.Ἀλθα</strong></span> 
     </span>
     <span class='ocr_line' id='line_1_37' title="bbox 235 2638 1703 2700; baseline 0.002 -16"><span class='ocrx_word' id='word_1_341' title='bbox 235 2640 463 2697; x_wconf 75' lang='grc' dir='ltr'><strong><em>θερμασία</em></strong></span> <span class='ocrx_word' id='word_1_342' title='bbox 492 2638 520 2698; x_wconf 81' lang='grc' dir='ltr'>ἢ</span> <span class='ocrx_word' id='word_1_343' title='bbox 554 2642 798 2699; x_wconf 79' lang='grc' dir='ltr'><strong><em>θεραπεία,</em></strong></span> <span class='ocrx_word' id='word_1_344' title='bbox 837 2644 951 2698; x_wconf 76' lang='lat' dir='ltr'>cnjus</span> <span class='ocrx_word' id='word_1_345' title='bbox 980 2642 1152 2698; x_wconf 86' lang='lat' dir='ltr'>glossae</span> <span class='ocrx_word' id='word_1_346' title='bbox 1190 2650 1311 2700; x_wconf 86' lang='lat' dir='ltr'>caput</span> <span class='ocrx_word' id='word_1_347' title='bbox 1343 2656 1434 2687; x_wconf 85' lang='lat' dir='ltr'>cum</span> <span class='ocrx_word' id='word_1_348' title='bbox 1466 2641 1576 2689; x_wconf 76' lang='grc' dir='ltr'><em>ἀλέα</em></span> <span class='ocrx_word' id='word_1_349' title='bbox 1604 2658 1703 2688; x_wconf 82' lang='grc'><strong>0011-</strong></span> 
     </span>
    </p>
   </div>
   <div class='ocr_carea' id='block_1_3' title="bbox 327 2764 1699 2824">
    <p class='ocr_par' dir='ltr' id='par_1_3' title="bbox 327 2764 1699 2824">
     <span class='ocr_line' id='line_1_38' title="bbox 327 2764 1699 2824; baseline 0.003 -14"><span class='ocrx_word' id='word_1_350' title='bbox 327 2777 383 2820; x_wconf 90' lang='grc'>11)</span> <span class='ocrx_word' id='word_1_351' title='bbox 419 2777 524 2812; x_wconf 85' lang='lat' dir='ltr'>Hiob.</span> <span class='ocrx_word' id='word_1_352' title='bbox 549 2777 665 2814; x_wconf 85' lang='lat' dir='ltr'><strong>XVII.</strong></span> <span class='ocrx_word' id='word_1_353' title='bbox 695 2778 746 2814; x_wconf 68' lang='lat'>14.</span> <span class='ocrx_word' id='word_1_354' title='bbox 779 2764 837 2813; x_wconf 80' lang='lat' dir='ltr'>ubi</span> <span class='ocrx_word' id='word_1_355' title='bbox 861 2776 956 2823; x_wconf 85' lang='grc' dir='ltr'>σηπή</span> <span class='ocrx_word' id='word_1_356' title='bbox 979 2778 1146 2824; x_wconf 82' lang='lat' dir='ltr'>scriptum</span> <span class='ocrx_word' id='word_1_357' title='bbox 1181 2783 1236 2813; x_wconf 85' lang='lat' dir='ltr'>est</span> <span class='ocrx_word' id='word_1_358' title='bbox 1267 2783 1304 2813; x_wconf 83' lang='lat' dir='ltr'>et</span> <span class='ocrx_word' id='word_1_359' title='bbox 1327 2777 1428 2814; x_wconf 85' lang='lat' dir='ltr'><strong>XXI.</strong></span> <span class='ocrx_word' id='word_1_360' title='bbox 1450 2777 1483 2813; x_wconf 84' lang='lat'>6.</span> <span class='ocrx_word' id='word_1_361' title='bbox 1507 2778 1566 2814; x_wconf 85' lang='lat' dir='ltr'>ubi</span> <span class='ocrx_word' id='word_1_362' title='bbox 1591 2776 1699 2824; x_wconf 83' lang='grc' dir='ltr'><strong>σήπη.</strong></span> 
     </span>
    </p>
   </div>
   <div class='ocr_carea' id='block_1_4' title="bbox 1716 0 1728 3120">
    <p class='ocr_par' dir='ltr' id='par_1_4' title="bbox 1716 0 1728 3120">
     <span class='ocr_line' id='line_1_39' title="bbox 1716 0 1728 3120; baseline 0 0"><span class='ocrx_word' id='word_1_363' title='bbox 1716 0 1728 3120; x_wconf 95' lang='lat' dir='ltr'> </span> 
     </span>
    </p>
   </div>
  </div>
 </body>
</html>
