1728 3120
220 194 318 240 246
653 182 1125 228 DISSERTATIO
1170 182 1262 227 XV.

223 315 305 358 qua
328 311 477 342 nomen
496 299 844 354 circumscriptum
875 303 950 347 est,
981 303 1165 339 assumat
1189 296 1429 351 generalem
1457 298 1538 340 τοῦ
1567 292 1711 352 κορυ·--Ῑ

225 370 377 424 φιῦσαι
406 363 605 407 extollere
643 371 686 406 ut
713 360 871 416 μόδιος
909 360 1121 418 κορυστός
1159 362 1402 406 cumulatus.
1457 361 1698 420 Λαφύσσω

227 432 386 475 duabus
416 431 536 487 quasi
565 431 732 474 ancoris
763 435 1032 479 sustentatur,
1059 428 1187 473 verbo
1218 426 1374 473 λάπτω
1393 430 1435 482 ⁸)
1464 434 1508 472 et
1531 429 1698 477 nomino

227 497 418 554 Λαιφύς
454 494 590 553 βορός
633 496 731 539 Hes.
779 497 894 551 cuius
941 495 1232 552 diphthongum
1279 495 1408 539 refert
1449 492 1701 552 λαιφοῖσσω.

226 561 482 607 Αἶθύσσειν
522 560 746 606 ἀνακαίειν
775 561 872 604 Hes.
914 575 1004 605 cum
1035 559 1156 606 αἶ’θιο
1185 568 1225 604 et
1266 556 1403 613 αἶθος
1427 562 1583 619 pariter
1608 562 1704 616 jun·-

228 637 332 674 ctum
363 637 446 680 est,
474 627 740 684 βλαβύσσειν
768 626 984 683 βλάπτειν
1013 627 1109 671 Hes.
1141 642 1231 672 cum
1259 626 1446 683 βλάπτω
1477 626 1710 684 οῖ’βλάβην

228 697 410 740 doricum
443 693 721 752 διορύττομαι
752 708 843 739 cum
874 694 1099 751 δωρέομαι
1129 703 1169 738 et
1197 697 1358 751 δῶρον,
1386 692 1582 739 θωύοσω
1613 707 1717 742 cuni,

227 761 341 813 ,θοός
370 760 592 815 οῐθοάζω,
610 763 649 815 ⁹)
680 759 868 812 ἷθύοσω,
900 762 936 803 si
964 768 1076 804 recte
1107 763 1166 805 ita
1198 763 1391 819 scriptum
1415 767 1492 813 est,
1515 763 1581 814 ¹⁰)
1611 774 1704 805 cum

230 827 335 880 ἰθύς
365 836 404 872 et
434 826 572 880 ἰθύω,
604 825 833 872 πλανύττω
862 840 952 870 cum
983 829 1220 882 πλανῶμαι
1250 834 1290 870 et
1318 825 1484 884 πλάνη,
1514 827 1704 884 quodque

231 894 386 937 Suidas
427 894 546 938 affert
582 896 918 951 interpretatione
963 894 1174 938 subtracta
1214 890 1454 949 στωβύσσω
1495 900 1534 938 et
1570 893 1709 950 Hesy„

229 960 419 1004 chianum
457 959 688 1018 στηβύσσω
726 957 950 1014 ἀδολεσχῶ
980 974 1068 1004 cum
1108 957 1270 1015 στόβος
1307 960 1476 1016 στοβέω
1503 958 1706 1016 στοβάζω

229 1041 312 1070 una
342 1027 625 1084 complexione
665 1027 895 1070 devinctum
925 1034 1001 1070 est.
1061 1026 1147 1070 Sed
1177 1027 1265 1070 alia
1293 1033 1459 1085 propter
1482 1026 1601 1071 verbi
1633 1027 1711 1070 de·-¹

228 1094 378 1137 fectum
416 1095 654 1151 paronymis
699 1093 1009 1137 adnumeranda
1047 1101 1140 1136 sunt
1179 1091 1428 1152 δριμύσσω,
1472 1091 1708 1152 λαβρύσσω

229 1162 257 1202 i.
288 1174 326 1217 q.
360 1158 575 1214 λαβρεύω,
605 1158 653 1203 ἐκ
678 1162 759 1204 τοῦ
787 1159 949 1215 πτέρον
980 1158 1214 1217 πτερύσσω
1245 1158 1382 1203 Cram.
1411 1159 1444 1202 Ι.
1471 1159 1568 1203 355.
1599 1175 1708 1203 uve-

231 1224 453 1282 ρύσσομαι
481 1226 578 1270 volo
607 1225 813 1283 Lycophr.
843 1227 965 1270 1106.
997 1228 1113 1282 cujus
1144 1227 1342 1269 aoristum
1374 1225 1541 1270 exhibet
1569 1224 1707 1281 Hesy*

231 1293 347 1336 chius
369 1289 607 1350 Ἔπτερύγη
649 1289 828 1349 ἀνέπτη.
853 1299 863 1319 ¹
881 1297 913 1344 ¹)
971 1295 1010 1335 A
1037 1291 1212 1349 μόρμος
1241 1298 1282 1335 et
1310 1289 1541 1350 μόρμυρος
1568 1292 1612 1335 id
1641 1299 1706 1336 est.

231 1357 375 1416 φόβος
410 1359 595 1416 prosecta
626 1366 718 1402 sunt
755 1357 1090 1416 μορμύσσομαι,
1129 1355 1496 1415 μορμολύττομαι
1528 1365 1570 1402 et
1595 1373 1708 1417 ,uoq-

230 1424 427 1482 μορύζω,
468 1439 494 1468 a
528 1439 756 1481 synonymo
782 1422 947 1481 τάρβος
973 1422 1309 1481 ταρμύξασθαι,
1342 1437 1368 1467 a
1397 1425 1565 1482 φλῆνος
1589 1424 1710 1468 Φλα-

231 1491 381 1535 νύσσει
410 1493 603 1549 φλυαρεῖ
630 1491 727 1535 Hes.
764 1493 830 1534 cui
861 1490 996 1534 simile
1017 1487 1257 1547 θρανύσσω
1287 1487 1647 1547 confringo'mam
1664 1491 1708 1534 id

232 1557 341 1600 haud
373 1558 495 1601 dubie
532 1571 734 1614 praesens
763 1564 826 1600 est
864 1558 1010 1600 aoristi
1037 1554 1277 1613 θρανύξαι)
1315 1559 1496 1614 speciem
1526 1556 1653 1601 habet
1682 1570 1711 1601 a.

233 1626 404 1680 θρᾶνος
434 1631 646 1680 acceptam
673 1624 748 1667 sed
778 1623 1121 1679 significationem
1151 1636 1179 1666 a
1205 1623 1334 1667 verbo
1362 1629 1405 1667 ut
1439 1616 1728 1682 &pande-cm}

235 1689 510 1747 συντρίβεται
539 1698 579 1734 et
605 1689 910 1747 Τεθράνευται
929 1689 1286 1744 κατακέκλασμαι
1316 1688 1408 1734 ἀπὸ
1442 1692 1522 1734 τοῦ
1548 1688 1711 1748 θραύω

234 1755 331 1798 Hes.
371 1771 444 1813 pro
486 1771 566 1813 quo
606 1755 824 1814 Euripides
866 1754 1226 1813 συντεθράνωται
1266 1757 1390 1809 dixin
1427 1768 1534 1814 quae
1570 1758 1712 1801 omnia.

234 1824 398 1866 nomine
427 1823 732 1880 aequiparabili
758 1829 924 1874 carent3
953 1835 1049 1865 nam
1069 1822 1276 1866 diversum
1305 1830 1370 1867 est
1391 1824 1572 1881 θρᾶνος,
1596 1824 1709 1868 «unde

237 1886 261 1944 ἡ
292 1886 437 1945 βύρσα
470 1905 551 1933 σου
580 1887 876 1946 θρανεύσεται
897 1888 1107 1946 Aristoph.
1166 1889 1414 1946 Δορύσσειν
1441 1889 1715 1934 labefactavit

237 1953 441 2009 Bergkius
478 1957 522 1998 in
561 1956 721 1999 duobus
761 1956 869 1998 locis
907 1968 981 2011 pro
1023 1953 1315 2010 ὄορύσσοντες
1355 1957 1475 2000 metri
1516 1969 1649 2000 causa
1685 1970 1707 2000 e

237 2020 355 2063 codd.
385 2034 589 2077 reponens
628 2018 932 2077 ὄορυσσόητοι.
992 2019 1222 2075 Syntheton
1247 2035 1370 2065 unum
1397 2025 1536 2079 reperi
1565 2022 1713 2080 ἐμφα-

238 2085 464 2144 ρύξασθαι
501 2088 589 2130 sive
630 2084 1005 2144 ἐμφαρύγξασθαι
1035 2087 1098 2138 (ut
1131 2086 1381 2142 σαλπίγξω)
1419 2101 1511 2132 cum
1544 2090 1711 2132 nomine

239 2149 414 2209 φάρυγξ
449 2154 716 2208 compositum
754 2158 796 2194 ut
826 2151 1201 2208 ἐνστερνίζεσθαι,
1240 2153 1540 2206 ἐνωτίζεσθαι.
1598 2154 1712 2207 Quo-

237 2219 359 2262 modo
391 2232 418 2262 a
448 2217 685 2275 μάρμαρος
721 2218 884 2261 ductum
913 2224 977 2261 est
1007 2217 1294 2276 μαρμαρίζω,
1333 2221 1396 2263 sic
1435 2233 1462 2264 a
1490 2222 1710 2278 conjugato

328 2367 366 2409 8)
399 2363 599 2412 Λαφύσσει
626 2364 773 2400 Muza·
799 2367 871 2401 τῶν
892 2363 983 2401 κατὰ
1007 2369 1166 2412 μίμησιν
1192 2364 1214 2409 ἡ
1236 2367 1329 2406 λέξις
1353 2365 1439 2402 Sch.
1463 2365 1504 2403 ll.
1521 2367 1710 2405 XV11.64.

329 2423 367 2467 9)
400 2421 440 2458 ln
469 2421 556 2457 Eur.
583 2421 687 2457 Med.
706 2419 804 2456 1309.
829 2421 956 2467 θρηνῶ
982 2419 1072 2457 κάπι
1073 2417 1192 2462 θοάζω
1219 2419 1497 2470 μαρτυρόμενος
1516 2421 1709 2471 δαίμονας,

237 2480 388 2514 alterum
422 2478 592 2522 verbum,
634 2477 730 2523 quod
765 2477 888 2514 Schol.
923 2477 1203 2525 ἐπιφθέγγομαι
1236 2478 1517 2545 interpretatur?
1550 2478 1596 2516 ab
1627 2481 1710 2517 gm—

238 2526 394 2571 θωύσσω
419 2546 491 2570 non
515 2535 625 2581 longe
648 2535 763 2569 abest.

331 2592 389 2636 10)
424 2592 499 2626 Καὶ
522 2588 609 2627 νόον
634 2587 1040 2631 macoma—§mouban
1059 2586 1290 2637 pt691pm65—
1302 2587 1436 2659 κούρας
1459 2591 1591 2629 Joann.
1621 2592 1707 2629 Gaz.

239 2648 374 2694 Ecphr.
397 2647 441 2683 ll.
466 2646 544 2682 260.

333 2703 389 2747 ll)
423 2705 602 2750 Πτέρυσις
633 2703 669 2738 id
706 2708 761 2739 est
794 2706 920 2748 πτῆσις
940 2704 976 2739 in
1002 2703 1094 2739 Aetii
1131 2703 1232 2748 loco,
1270 2715 1373 2750 quem
1398 2703 1639 2741 Schneitlerus
1664 2704 1712 2739 ad

238 2759 386 2797 Aristot.
414 2759 453 2795 T.
479 2759 542 2795 lv.
568 2772 602 2806 p.
626 2759 682 2795 86.
710 2771 731 2795 e
755 2759 839 2797 MS.
866 2760 997 2803 edidit,
1034 2759 1175 2796 scribae
1198 2760 1322 2799 vitium
1349 2767 1403 2798 est
1438 2771 1507 2806 pro
1535 2762 1710 2809 πτέρυξις.
