1728 3120
71 514 119 544 η
147 502 299 544 auditu
327 502 466 544 solum
503 502 574 543 sed
614 501 706 553 ipso
742 500 940 553 adspectu
977 509 1192 552 coquosco.
1251 495 1525 543 Diversorum

36 560 45 572 ’
82 581 231 612 usuum
262 567 474 612 vocabula
503 566 682 610 latenter
707 565 918 623 copulavit
938 563 1172 622 Sophocles
1197 563 1302 608 Phil.
1322 564 1421 609 485.
1452 566 1530 611 uhi·

57 635 187 681 horus
215 634 531 693 Neoptolemum
563 634 757 678 admonet
789 646 842 677 ne
870 632 1146 676 Philoctetam
1183 645 1329 676 somno
1359 641 1525 691 captum

33 700 301 757 &ociferando
330 704 481 747 excitet
507 700 643 759 βαιάν
670 717 750 756 μοι
781 700 934 754 πέμπε
964 697 1108 755 λόγων
1134 698 1290 757 φάμαν
1319 696 1382 752 ὠς
1409 700 1525 747 πάν..

33 764 117 828 ξων
147 768 193 816 ἓν
218 767 338 828 νόσῳ
368 766 587 828 εῧδρακὴς
626 767 764 819 ὕπνος
793 763 965 818 ἄϋπνος
993 764 1215 818 λεύσσειν,
1255 781 1362 824 quae
1399 770 1439 812 si
1468 770 1525 815 ad

81 851 200 883 evem
227 851 430 882 summam
467 837 661 893 redigere
693 837 880 886 coneris,
917 834 1178 888 resultabunt
1212 837 1334 892 quasi
1369 837 1524 883 collisa

31 886 252 967 Βδρακής
279 907 367 949 τῶν
387 900 697 963 φωνηθέντων,
730 903 804 946 sed
825 901 1072 946 ohscuratur
1088 905 1367 959 repugnantia
1395 906 1524 949 inter-

28 968 159 1018 ballo.
219 972 362 1016 Alium
400 972 588 1029 eJusdem
622 977 772 1029 poetae
812 970 951 1014 locum
981 968 1135 1013 Trach.
1163 970 1260 1012 693.
1290 965 1525 1029 ἄφραστον

67 1039 246 1098 ’ρκομαι
268 1038 404 1099 φάτιν
434 1042 680 1098 interpretes
711 1039 774 1082 sic
802 1037 1024 1094 expediunt
1053 1043 1096 1079 ut
1125 1034 1262 1093 φάτις
1289 1050 1365 1094 pro
1395 1052 1525 1095 syno-

69 1121 152 1151 =no
194 1107 397 1165 quodam,
438 1104 573 1158 ἔπος,
613 1107 782 1159 μῦθος,
823 1103 974 1160 λόγος,
1011 1105 1189 1161 positum
1231 1112 1407 1149 sumant.
1466 1107 1524 1151 At

52 1195 69 1215 t<
83 1188 134 1220 ec
155 1187 319 1232 quoqne
340 1187 368 1218 a
383 1173 514 1218 verbo
544 1173 760 1230 δέρκομαι
783 1170 1037 1215 discordant.
1098 1169 1406 1216 Convenienter
1420 1187 1524 1219 vero

22 1249 180 1287 'netum
210 1249 275 1286 est
304 1241 498 1299 δέδορκα
529 1237 690 1297 φάσμα
717 1237 782 1281 El.
809 1238 932 1282 1458.
962 1251 1041 1282 nec
1073 1237 1213 1283 dubito
1245 1242 1344 1296 quin
1371 1249 1522 1298 poetae

27 1360 29 1362 ,
89 1311 197 1354 uerit
223 1309 279 1354 ad
308 1308 484 1353 eundem
513 1306 768 1350 intellectum
797 1306 1028 1350 transferre
1050 1319 1202 1350 nomen
1233 1305 1371 1364 φάτις
1397 1322 1523 1366 prae-

32 1385 153 1422 ·.-·nte›
184 1384 323 1434 etymo
354 1373 473 1434 φάω,
504 1374 614 1432 quod
636 1374 741 1417 (luas
773 1373 1104 1430 significationes
1136 1374 1423 1431 complectitur
1441 1381 1524 1422 τοῦ

51 1443 170 1490 άναι
189 1444 264 1489 καὶ
292 1445 372 1488 τοῦ
393 1444 547 1500 φῆναι.
608 1444 742 1498 Atque
773 1441 853 1485 huc
882 1441 1084 1498 pleraque
1114 1441 1192 1484 illa
1215 1443 1523 1501 inconsequen-

20 1513 111 1556 ‘ae
146 1511 338 1569 exempla
365 1510 540 1554 redeunt
569 1516 613 1552 ut
644 1516 714 1552 aut
746 1509 919 1552 verbum
951 1515 1020 1551 aut
1049 1522 1200 1552 nomen
1230 1509 1283 1552 ab
1313 1523 1379 1560 eo,
1409 1513 1521 1568 quod

33 1580 154 1637 'wigo
185 1578 418 1636 significat,
457 1576 699 1620 traducatur
732 1576 785 1619 ad
818 1576 942 1627 illud,
974 1576 1084 1632 quod
1115 1575 1355 1631 significare
1384 1586 1522 1635 potest

51 1647 96 1692 ³21
122 1661 174 1692 ex
201 1647 455 1705 proprietate
483 1647 609 1700 etymi
627 1643 696 1686 vel
716 1640 767 1686 ἐκ
796 1645 876 1686 τοῦ
906 1643 1378 1701 παρακολουθοῦντος.
1435 1644 1523 1690 Ne-

23 1713 66 1771 J
85 1728 109 1758 e
141 1715 230 1759 alia
248 1716 359 1758 ratio
390 1713 528 1768 magis
559 1712 753 1755 convenit
774 1709 1017 1766 Aeschyleo
1039 1710 1122 1761 isti,
1153 1710 1261 1753 unde
1284 1710 1353 1755 hic
1383 1726 1524 1758 sermo

22 1782 218 1835 'defluxin
251 1795 349 1825 nam
371 1777 539 1824 κτύπον
564 1786 605 1822 et
625 1776 827 1834 πάταγον
854 1790 978 1821 nemo
1002 1777 1114 1820 videt
1145 1777 1221 1820 sed
1247 1778 1522 1826 mulierculae

24 1851 130 1896 'Eae
143 1851 286 1896 vident
298 1848 368 1894 vel
385 1847 467 1891 sibi
482 1846 626 1890 videre
650 1846 842 1890 videntur
855 1845 962 1896 τοὺς
978 1846 1266 1895 κτυποῦντας.
1311 1846 1352 1891 Α
1376 1856 1524 1894 nostra

23 1918 167 1965 tumen
185 1916 486 1962 consuetudine
509 1914 691 1958 alienum
721 1921 785 1957 est
810 1925 960 1963 rerum,
991 1925 1096 1969 quas
1125 1919 1276 1956 natura
1310 1914 1524 1969 discrevit,

19 1987 278 2031 ·onsociare
297 1982 519 2034 vocabula,
546 1994 756 2038 nuperque
786 1981 916 2024 risum
946 1981 1073 2023 movit
1091 1980 1361 2036 praedicator
1394 1983 1520 2027 aulae

69 2054 310 2104 manicos,
342 2052 411 2109 qui
433 2063 558 2107 quum
586 2052 631 2092 in
661 2047 926 2105 ephemeride
956 2054 1175 2090 narrasset
1191 2049 1420 2107 principem
1451 2064 1522 2095 se-

18 2119 295 2166 senissimum
322 2118 605 2176 typhlocomio
642 2116 788 2159 nescio
822 2115 888 2158 cui
931 2114 1176 2158 summulam
1204 2117 1408 2172 pecuniae
1445 2118 1522 2163 do-

26 2193 172 2240 tasse,
196 2189 407 2244 Jactanter
427 2185 586 2229 addidit
608 2196 716 2226 nunc
743 2195 896 2226 coecos
919 2182 1020 2226 illos
1049 2184 1183 2238 gratis
1204 2184 1355 2227 animis
1377 2198 1522 2230 mune-

20 2257 89 2306 „fis
109 2262 319 2300 auctorem
339 2255 561 2308 suspicere.
621 2249 673 2293 Et
690 2257 905 2308 poetarum
920 2257 1154 2293 nostrorum
1172 2253 1523 2306 germanissimus

24 2320 262 2373 Uhlandius
292 2321 335 2364 id
371 2319 483 2378 quod
525 2318 625 2363 olim
659 2320 703 2361 in
743 2319 926 2362 carmine
966 2316 1146 2373 quodam
1183 2319 1411 2375 scripserat
1448 2322 1523 2364 der

18 2391 165 2441 ffblinde
193 2390 357 2443 Koem‘q
385 2390 490 2431 sieht
518 2389 606 2430 sich
634 2399 730 2436 um,
769 2391 919 2443 postea
950 2384 1029 2428 huc
1074 2387 1244 2429 mutavit
1278 2387 1395 2431 kehrt
1434 2389 1523 2431 sich

17 2464 115 2505 tm,
172 2456 295 2501 Hand
317 2454 441 2499 dubie
470 2453 578 2499 talia
596 2453 725 2497 multa
756 2452 992 2497 scribuntur
1009 2453 1188 2509 impune,
1222 2453 1299 2496 sed
1320 2457 1357 2496 si
1389 2455 1522 2498 semel

17 2511 330 2589 §animadversa
367 2523 539 2574 suerint,
578 2529 679 2566 nota
713 2520 872 2564 haeret.
932 2518 1072 2572 Quare
1112 2533 1242 2577 opera
1281 2520 1421 2565 danda
1458 2530 1522 2566 est

26 2604 115 2643 non
145 2593 281 2641 solum
316 2597 360 2635 ut
395 2603 599 2634 censurae
632 2595 874 2634 occurratur
912 2586 989 2631 sed
1027 2588 1152 2630 etiam
1192 2594 1235 2630 ut
1273 2588 1524 2642 calumniae,

14 2670 140 2725 {quae
179 2673 305 2719 quam
342 2658 471 2702 facile
509 2658 683 2716 obrepat
723 2655 903 2700 ostendit
931 2653 1114 2710 Bentleji
1153 2656 1412 2707 criminatio,
1451 2659 1522 2714 qui

27 2726 237 2775 {fidvorsus
256 2726 475 2771 Horatium
495 2725 525 2770 1.
547 2726 614 2769 14.
643 2738 784 2768 nonne
809 2725 923 2766 vides
950 2730 998 2766 ut
1027 2724 1189 2765 nudum
1217 2726 1390 2779 remiqio
1410 2725 1523 2769 latus

33 2804 320 2851 antemnaeque
348 2802 539 2850 qemant,
585 2794 646 2837 sic
682 2792 883 2847 insurgit:
922 2789 1140 2847 „placetne
1178 2789 1282 2835 illud
1319 2791 1439 2836 vides
1475 2800 1524 2836 ut

1151 2858 1242 2900 22*
