<?xml version="1.0" encoding="UTF-8"?>
<!DOCTYPE html PUBLIC "-//W3C//DTD XHTML 1.0 Transitional//EN"
    "http://www.w3.org/TR/xhtml1/DTD/xhtml1-transitional.dtd">
<html xmlns="http://www.w3.org/1999/xhtml" xml:lang="en" lang="en">
 <head>
  <title>
</title>
<meta http-equiv="Content-Type" content="text/html;charset=utf-8" />
  <meta name='ocr-system' content='tesseract 3.04.00' />
  <meta name='ocr-capabilities' content='ocr_page ocr_carea ocr_par ocr_line ocrx_word'/>
</head>
<body>
  <div class='ocr_page' id='page_1' title='image "./rhematikonsiveve00lobeuoft_0168.png"; bbox 0 0 1728 3120; ppageno 0'>
   <div class='ocr_carea' id='block_1_1' title="bbox 234 213 1250 271">
    <p class='ocr_par' dir='ltr' id='par_1_1' title="bbox 234 213 1250 271">
     <span class='ocr_line' id='line_1_1' title="bbox 234 213 1250 271; baseline -0.012 0"><span class='ocrx_word' id='word_1_1' title='bbox 234 225 329 271; x_wconf 87' lang='grc'><strong>150</strong></span> <span class='ocrx_word' id='word_1_2' title='bbox 687 213 1138 261; x_wconf 84' lang='lat' dir='ltr'>DISSERTATIO</span> <span class='ocrx_word' id='word_1_3' title='bbox 1186 217 1250 260; x_wconf 90' lang='lat' dir='ltr'><strong>Vl.</strong></span> 
     </span>
    </p>
   </div>
   <div class='ocr_carea' id='block_1_2' title="bbox 1574 238 1704 575">
    <p class='ocr_par' dir='ltr' id='par_1_2' title="bbox 1574 238 1704 575">
     <span class='ocr_line' id='line_1_2' title="bbox 1658 238 1702 321; baseline 0 0"><span class='ocrx_word' id='word_1_4' title='bbox 1658 238 1702 321; x_wconf 95' lang='lat' dir='ltr'><strong>   </strong></span> 
     </span>
     <span class='ocr_line' id='line_1_3' title="bbox 1574 321 1702 423; baseline 0.047 -4"><span class='ocrx_word' id='word_1_5' title='bbox 1574 321 1702 423; x_wconf 95' lang='lat' dir='ltr'><strong>   </strong></span> 
     </span>
     <span class='ocr_line' id='line_1_4' title="bbox 1660 423 1704 575; baseline 0 -75"><span class='ocrx_word' id='word_1_6' title='bbox 1660 423 1704 575; x_wconf 95' lang='lat' dir='ltr'><strong>   </strong></span> 
     </span>
    </p>
   </div>
   <div class='ocr_carea' id='block_1_3' title="bbox 230 267 1728 2845">
    <p class='ocr_par' dir='ltr' id='par_1_3' title="bbox 230 267 1728 787">
     <span class='ocr_line' id='line_1_5' title="bbox 1525 267 1667 316; baseline 0 -25"><span class='ocrx_word' id='word_1_7' title='bbox 1525 267 1626 308; x_wconf 46' lang='lat' dir='ltr'><strong>&amp;HJ</strong></span> <span class='ocrx_word' id='word_1_8' title='bbox 1651 287 1667 316; x_wconf 23' lang='grc' dir='ltr'><strong>ἄν</strong></span> 
     </span>
     <span class='ocr_line' id='line_1_6' title="bbox 230 321 1652 388; baseline -0.001 -13"><span class='ocrx_word' id='word_1_9' title='bbox 230 328 454 387; x_wconf 86' lang='grc' dir='ltr'><strong><em>πλημύρει</em></strong></span> <span class='ocrx_word' id='word_1_10' title='bbox 481 329 666 372; x_wconf 87' lang='lat' dir='ltr'><strong>scribere</strong></span> <span class='ocrx_word' id='word_1_11' title='bbox 696 331 934 382; x_wconf 88' lang='lat' dir='ltr'><strong>conveniet,</strong></span> <span class='ocrx_word' id='word_1_12' title='bbox 973 343 1054 387; x_wconf 91' lang='lat' dir='ltr'><strong>quo</strong></span> <span class='ocrx_word' id='word_1_13' title='bbox 1083 337 1295 387; x_wconf 89' lang='lat' dir='ltr'><strong>poetarum</strong></span> <span class='ocrx_word' id='word_1_14' title='bbox 1331 327 1537 388; x_wconf 51' lang='grc' dir='ltr'><strong>ΡὶιιιῆᾳιίἳῚᾼῇ</strong></span> <span class='ocrx_word' id='word_1_15' title='bbox 1541 321 1611 382; x_wconf 60' lang='grc' dir='ltr'><strong>’ἧῖ</strong></span> <span class='ocrx_word' id='word_1_16' title='bbox 1645 322 1652 326; x_wconf 68' lang='grc'><strong>’</strong></span> 
     </span>
     <span class='ocr_line' id='line_1_7' title="bbox 232 394 1710 452; baseline -0.002 -11"><span class='ocrx_word' id='word_1_17' title='bbox 232 398 284 441; x_wconf 80' lang='lat' dir='ltr'><strong>ct&#39;.</strong></span> <span class='ocrx_word' id='word_1_18' title='bbox 311 395 506 451; x_wconf 83' lang='lat' dir='ltr'><strong>Prolegg.</strong></span> <span class='ocrx_word' id='word_1_19' title='bbox 538 395 633 439; x_wconf 84' lang='lat'>274.</span> <span class='ocrx_word' id='word_1_20' title='bbox 666 395 997 440; x_wconf 87' lang='lat' dir='ltr'><strong>Masculinorum</strong></span> <span class='ocrx_word' id='word_1_21' title='bbox 1024 395 1144 452; x_wconf 77' lang='lat' dir='ltr'><strong>huJus</strong></span> <span class='ocrx_word' id='word_1_22' title='bbox 1177 395 1486 441; x_wconf 69' lang='lat' dir='ltr'><strong>declinationis</strong></span> <span class='ocrx_word' id='word_1_23' title='bbox 1492 394 1586 442; x_wconf 79' lang='lat' dir='ltr'><strong>‹l&#39;uo</strong></span> <span class='ocrx_word' id='word_1_24' title='bbox 1616 395 1670 450; x_wconf 50' lang='grc' dir='ltr'><strong>εἴ</strong></span> <span class='ocrx_word' id='word_1_25' title='bbox 1706 430 1710 438; x_wconf 77' lang='grc'><strong><em>,</em></strong></span> 
     </span>
     <span class='ocr_line' id='line_1_8' title="bbox 232 451 1709 542; baseline 0.001 -37"><span class='ocrx_word' id='word_1_26' title='bbox 232 474 403 519; x_wconf 86' lang='lat' dir='ltr'><strong>genera,</strong></span> <span class='ocrx_word' id='word_1_27' title='bbox 432 475 555 505; x_wconf 90' lang='lat' dir='ltr'><strong>unum</strong></span> <span class='ocrx_word' id='word_1_28' title='bbox 578 462 754 518; x_wconf 86' lang='lat' dir='ltr'><strong>vulgare</strong></span> <span class='ocrx_word' id='word_1_29' title='bbox 775 470 815 507; x_wconf 88' lang='lat' dir='ltr'><strong>et</strong></span> <span class='ocrx_word' id='word_1_30' title='bbox 843 470 1112 520; x_wconf 81' lang='lat' dir='ltr'><strong>pervagatum</strong></span> <span class='ocrx_word' id='word_1_31' title='bbox 1142 459 1356 542; x_wconf 78' lang='grc' dir='ltr'><strong><em>πλάστης,</em></strong></span> <span class='ocrx_word' id='word_1_32' title='bbox 1389 451 1598 527; x_wconf 68' lang='grc' dir='ltr'><strong><em>πλήκτης</em></strong></span> <span class='ocrx_word' id='word_1_33' title='bbox 1627 464 1660 523; x_wconf 75' lang='grc' dir='ltr'><strong>μ’</strong></span> <span class='ocrx_word' id='word_1_34' title='bbox 1706 492 1709 496; x_wconf 93' lang='grc'>-</span> 
     </span>
     <span class='ocr_line' id='line_1_9' title="bbox 232 525 1728 594; baseline 0.001 -22"><span class='ocrx_word' id='word_1_35' title='bbox 232 544 359 584; x_wconf 88' lang='grc' dir='ltr'><strong><em>στης,</em></strong></span> <span class='ocrx_word' id='word_1_36' title='bbox 391 527 587 584; x_wconf 81' lang='grc' dir='ltr'><strong><em>κτίστης,</em></strong></span> <span class='ocrx_word' id='word_1_37' title='bbox 619 529 829 587; x_wconf 83' lang='grc' dir='ltr'><strong><em>κλέπτης,</em></strong></span> <span class='ocrx_word' id='word_1_38' title='bbox 859 527 1029 585; x_wconf 82' lang='grc' dir='ltr'><strong><em>ναύτης,</em></strong></span> <span class='ocrx_word' id='word_1_39' title='bbox 1057 526 1218 584; x_wconf 78' lang='grc' dir='ltr'><strong><em>θύτης,</em></strong></span> <span class='ocrx_word' id='word_1_40' title='bbox 1248 526 1403 586; x_wconf 87' lang='grc' dir='ltr'><strong><em>πότης,</em></strong></span> <span class='ocrx_word' id='word_1_41' title='bbox 1429 526 1592 594; x_wconf 56' lang='lat' dir='ltr'><strong>Restm,</strong></span> <span class='ocrx_word' id='word_1_42' title='bbox 1621 525 1667 574; x_wconf 80' lang='grc' dir='ltr'><strong>ἶκ</strong></span> <span class='ocrx_word' id='word_1_43' title='bbox 1698 554 1728 579; x_wconf 58' lang='lat' dir='ltr'><strong>:a</strong></span> 
     </span>
     <span class='ocr_line' id='line_1_10' title="bbox 231 590 1725 653; baseline 0.002 -15"><span class='ocrx_word' id='word_1_44' title='bbox 231 611 320 651; x_wconf 87' lang='grc' dir='ltr'><strong><em>της,</em></strong></span> <span class='ocrx_word' id='word_1_45' title='bbox 352 593 576 652; x_wconf 80' lang='grc' dir='ltr'><strong><em>κυβευτης,</em></strong></span> <span class='ocrx_word' id='word_1_46' title='bbox 606 592 817 653; x_wconf 72' lang='grc' dir='ltr'><strong><em>ὑβριστής</em></strong></span> <span class='ocrx_word' id='word_1_47' title='bbox 843 603 882 639; x_wconf 90' lang='lat' dir='ltr'><strong>et</strong></span> <span class='ocrx_word' id='word_1_48' title='bbox 909 596 1087 652; x_wconf 86' lang='lat' dir='ltr'><strong>plurima</strong></span> <span class='ocrx_word' id='word_1_49' title='bbox 1114 594 1359 650; x_wconf 87' lang='lat' dir='ltr'><strong>hujusmodi,</strong></span> <span class='ocrx_word' id='word_1_50' title='bbox 1389 596 1560 652; x_wconf 78' lang='lat' dir='ltr'><strong>quorum</strong></span> <span class='ocrx_word' id='word_1_51' title='bbox 1586 590 1725 641; x_wconf 47' lang='lat' dir='ltr'><strong>musii*</strong></span> 
     </span>
     <span class='ocr_line' id='line_1_11' title="bbox 234 661 1706 720; baseline 0.002 -15"><span class='ocrx_word' id='word_1_52' title='bbox 234 663 480 706; x_wconf 86' lang='lat' dir='ltr'><strong>insolentius</strong></span> <span class='ocrx_word' id='word_1_53' title='bbox 513 663 650 707; x_wconf 86' lang='lat' dir='ltr'><strong>fictum</strong></span> <span class='ocrx_word' id='word_1_54' title='bbox 683 661 906 720; x_wconf 78' lang='grc' dir='ltr'><strong><em>δεσπότης</em></strong></span> <span class='ocrx_word' id='word_1_55' title='bbox 933 664 1063 708; x_wconf 88' lang='lat' dir='ltr'><strong>verbo</strong></span> <span class='ocrx_word' id='word_1_56' title='bbox 1100 667 1143 706; x_wconf 86' lang='lat' dir='ltr'><strong>in</strong></span> <span class='ocrx_word' id='word_1_57' title='bbox 1174 680 1232 707; x_wconf 91' lang='grc' dir='ltr'><strong>εω</strong></span> <span class='ocrx_word' id='word_1_58' title='bbox 1267 665 1432 707; x_wconf 84' lang='lat' dir='ltr'>exeunti</span> <span class='ocrx_word' id='word_1_59' title='bbox 1457 665 1570 707; x_wconf 83' lang='lat' dir='ltr'><strong>viam</strong></span> <span class='ocrx_word' id='word_1_60' title='bbox 1598 662 1706 708; x_wconf 50' lang='lat' dir='ltr'><strong>fecit*</strong></span> 
     </span>
     <span class='ocr_line' id='line_1_12' title="bbox 232 729 1706 787; baseline 0.003 -15"><span class='ocrx_word' id='word_1_61' title='bbox 232 729 420 772; x_wconf 87' lang='lat' dir='ltr'><strong>Alterum</strong></span> <span class='ocrx_word' id='word_1_62' title='bbox 451 730 701 781; x_wconf 82' lang='lat' dir='ltr'><strong>obsoletius,</strong></span> <span class='ocrx_word' id='word_1_63' title='bbox 741 730 848 773; x_wconf 90' lang='lat' dir='ltr'><strong>unde</strong></span> <span class='ocrx_word' id='word_1_64' title='bbox 875 731 1007 774; x_wconf 90' lang='lat' dir='ltr'><strong>verba</strong></span> <span class='ocrx_word' id='word_1_65' title='bbox 1034 732 1200 787; x_wconf 88' lang='lat' dir='ltr'><strong>poetica</strong></span> <span class='ocrx_word' id='word_1_66' title='bbox 1238 737 1278 774; x_wconf 91' lang='lat' dir='ltr'><strong>et</strong></span> <span class='ocrx_word' id='word_1_67' title='bbox 1309 729 1607 786; x_wconf 85' lang='lat' dir='ltr'><strong>glossematica</strong></span> <span class='ocrx_word' id='word_1_68' title='bbox 1635 731 1706 777; x_wconf 85' lang='lat' dir='ltr'><strong>du-</strong></span> 
     </span>
    </p>

    <p class='ocr_par' dir='ltr' id='par_1_4' title="bbox 234 794 1707 921">
     <span class='ocr_line' id='line_1_13' title="bbox 234 794 1707 855; baseline 0.001 -17"><span class='ocrx_word' id='word_1_69' title='bbox 234 802 379 839; x_wconf 84' lang='lat' dir='ltr'><strong>cuntur</strong></span> <span class='ocrx_word' id='word_1_70' title='bbox 406 794 579 854; x_wconf 83' lang='grc' dir='ltr'><strong><em>βοώτης</em></strong></span> <span class='ocrx_word' id='word_1_71' title='bbox 606 799 811 851; x_wconf 82' lang='grc' dir='ltr'><strong><em>βοωτεῖν,</em></strong></span> <span class='ocrx_word' id='word_1_72' title='bbox 842 795 982 855; x_wconf 86' lang='grc' dir='ltr'><strong><em>βάτης</em></strong></span> <span class='ocrx_word' id='word_1_73' title='bbox 1009 800 1182 852; x_wconf 80' lang='grc' dir='ltr'><strong><em>βατεῖν,</em></strong></span> <span class='ocrx_word' id='word_1_74' title='bbox 1211 794 1347 854; x_wconf 83' lang='grc' dir='ltr'><strong><em>βότης</em></strong></span> <span class='ocrx_word' id='word_1_75' title='bbox 1373 799 1531 852; x_wconf 85' lang='grc' dir='ltr'><strong><em>βοτεῖν,</em></strong></span> <span class='ocrx_word' id='word_1_76' title='bbox 1563 796 1707 854; x_wconf 67' lang='lat' dir='ltr'><strong>quibus</strong></span> 
     </span>
     <span class='ocr_line' id='line_1_14' title="bbox 235 854 1712 921; baseline 0.001 -16"><span class='ocrx_word' id='word_1_77' title='bbox 235 862 392 906; x_wconf 83' lang='lat' dir='ltr'><strong>similia</strong></span> <span class='ocrx_word' id='word_1_78' title='bbox 418 867 594 916; x_wconf 83' lang='grc' dir='ltr'><strong><em>ματεῖν,</em></strong></span> <span class='ocrx_word' id='word_1_79' title='bbox 635 860 858 914; x_wconf 77' lang='grc' dir='ltr'><strong><em>ὑλακτεῖν,</em></strong></span> <span class='ocrx_word' id='word_1_80' title='bbox 897 859 1114 921; x_wconf 84' lang='grc' dir='ltr'><strong><em>ορεκτεῖν,</em></strong></span> <span class='ocrx_word' id='word_1_81' title='bbox 1153 864 1413 914; x_wconf 79' lang='grc' dir='ltr'><strong><em>δατεῖσθαι,</em></strong></span> <span class='ocrx_word' id='word_1_82' title='bbox 1452 854 1712 913; x_wconf 77' lang='grc' dir='ltr'><strong><em>πατεῖσθαι..</em></strong></span> 
     </span>
    </p>

    <p class='ocr_par' dir='ltr' id='par_1_5' title="bbox 233 929 1728 2378">
     <span class='ocr_line' id='line_1_15' title="bbox 235 929 1728 986; baseline 0.001 -15"><span class='ocrx_word' id='word_1_83' title='bbox 235 932 520 986; x_wconf 72' lang='grc' dir='ltr'><strong><em>φθατεῖσθαι</em></strong></span> <span class='ocrx_word' id='word_1_84' title='bbox 560 943 586 972; x_wconf 89' lang='lat' dir='ltr'><strong>a</strong></span> <span class='ocrx_word' id='word_1_85' title='bbox 614 929 849 973; x_wconf 90' lang='lat' dir='ltr'><strong>nominibus</strong></span> <span class='ocrx_word' id='word_1_86' title='bbox 878 930 946 973; x_wconf 90' lang='lat' dir='ltr'><strong>vel</strong></span> <span class='ocrx_word' id='word_1_87' title='bbox 987 930 1196 973; x_wconf 88' lang='lat' dir='ltr'><strong>oblivione</strong></span> <span class='ocrx_word' id='word_1_88' title='bbox 1228 930 1467 986; x_wconf 81' lang='lat' dir='ltr'><strong>interceptis</strong></span> <span class='ocrx_word' id='word_1_89' title='bbox 1495 929 1563 974; x_wconf 85' lang='lat' dir='ltr'><strong>vel</strong></span> <span class='ocrx_word' id='word_1_90' title='bbox 1597 931 1728 986; x_wconf 47' lang='lat' dir='ltr'><strong>cogi-1</strong></span> 
     </span>
     <span class='ocr_line' id='line_1_16' title="bbox 233 995 1728 1053; baseline 0.001 -15"><span class='ocrx_word' id='word_1_91' title='bbox 233 996 389 1038; x_wconf 90' lang='lat' dir='ltr'><strong>tatione</strong></span> <span class='ocrx_word' id='word_1_92' title='bbox 419 995 524 1039; x_wconf 87' lang='lat' dir='ltr'><strong>fictis</strong></span> <span class='ocrx_word' id='word_1_93' title='bbox 562 997 738 1052; x_wconf 87' lang='lat' dir='ltr'><strong>repetita</strong></span> <span class='ocrx_word' id='word_1_94' title='bbox 781 1003 886 1039; x_wconf 90' lang='lat' dir='ltr'><strong>sunt.</strong></span> <span class='ocrx_word' id='word_1_95' title='bbox 944 995 1086 1053; x_wconf 86' lang='lat' dir='ltr'><strong>Neque</strong></span> <span class='ocrx_word' id='word_1_96' title='bbox 1126 996 1248 1039; x_wconf 86' lang='lat' dir='ltr'><strong>aliter</strong></span> <span class='ocrx_word' id='word_1_97' title='bbox 1283 995 1516 1039; x_wconf 85' lang='lat' dir='ltr'><strong>habendum</strong></span> <span class='ocrx_word' id='word_1_98' title='bbox 1547 996 1598 1039; x_wconf 83' lang='lat' dir='ltr'><strong>tle</strong></span> <span class='ocrx_word' id='word_1_99' title='bbox 1625 1000 1728 1051; x_wconf 56' lang='lat' dir='ltr'><strong>Bwssu.</strong></span> 
     </span>
     <span class='ocr_line' id='line_1_17' title="bbox 235 1055 1728 1123; baseline 0.001 -17"><span class='ocrx_word' id='word_1_100' title='bbox 235 1066 404 1119; x_wconf 83' lang='grc' dir='ltr'><strong><em>στρεῖν,</em></strong></span> <span class='ocrx_word' id='word_1_101' title='bbox 435 1063 685 1123; x_wconf 78' lang='grc' dir='ltr'><strong><em>ἐλαστρεῖν,</em></strong></span> <span class='ocrx_word' id='word_1_102' title='bbox 721 1066 990 1123; x_wconf 84' lang='grc' dir='ltr'><strong><em>καλιστρεῖν,</em></strong></span> <span class='ocrx_word' id='word_1_103' title='bbox 1029 1065 1175 1121; x_wconf 90' lang='lat' dir='ltr'><strong>quibus</strong></span> <span class='ocrx_word' id='word_1_104' title='bbox 1207 1055 1728 1122; x_wconf 52' lang='lat' dir='ltr'><strong>consona-{2-adventicia⁴</strong></span> 
     </span>
     <span class='ocr_line' id='line_1_18' title="bbox 236 1129 1713 1188; baseline 0.001 -16"><span class='ocrx_word' id='word_1_105' title='bbox 236 1136 311 1172; x_wconf 86' lang='lat' dir='ltr'><strong>est.</strong></span> <span class='ocrx_word' id='word_1_106' title='bbox 368 1129 446 1173; x_wconf 90' lang='lat' dir='ltr'><strong>Hic</strong></span> <span class='ocrx_word' id='word_1_107' title='bbox 477 1144 578 1174; x_wconf 87' lang='lat' dir='ltr'><strong>vero</strong></span> <span class='ocrx_word' id='word_1_108' title='bbox 607 1133 650 1173; x_wconf 88' lang='lat' dir='ltr'><strong>in</strong></span> <span class='ocrx_word' id='word_1_109' title='bbox 680 1132 966 1188; x_wconf 87' lang='lat' dir='ltr'><strong>quaestionem</strong></span> <span class='ocrx_word' id='word_1_110' title='bbox 994 1134 1106 1174; x_wconf 90' lang='lat' dir='ltr'><strong>venit</strong></span> <span class='ocrx_word' id='word_1_111' title='bbox 1134 1131 1303 1175; x_wconf 87' lang='lat' dir='ltr'><strong>verbum</strong></span> <span class='ocrx_word' id='word_1_112' title='bbox 1335 1134 1565 1188; x_wconf 80' lang='grc' dir='ltr'><strong><em>ψευστεῖν,</em></strong></span> <span class='ocrx_word' id='word_1_113' title='bbox 1603 1129 1713 1188; x_wconf 79' lang='lat' dir='ltr'><strong>quod</strong></span> 
     </span>
     <span class='ocr_line' id='line_1_19' title="bbox 234 1190 1710 1255; baseline 0.001 -17"><span class='ocrx_word' id='word_1_114' title='bbox 234 1196 505 1240; x_wconf 85' lang='lat' dir='ltr'><strong>Aristarchus</strong></span> <span class='ocrx_word' id='word_1_115' title='bbox 541 1199 678 1255; x_wconf 87' lang='lat' dir='ltr'><strong>posuit</strong></span> <span class='ocrx_word' id='word_1_116' title='bbox 707 1197 754 1240; x_wconf 84' lang='grc' dir='ltr'><strong>ΙΙ.</strong></span> <span class='ocrx_word' id='word_1_117' title='bbox 783 1195 902 1240; x_wconf 83' lang='lat' dir='ltr'><strong>XIX.</strong></span> <span class='ocrx_word' id='word_1_118' title='bbox 935 1198 1030 1241; x_wconf 85' lang='lat'>107.</span> <span class='ocrx_word' id='word_1_119' title='bbox 1068 1211 1143 1255; x_wconf 89' lang='lat' dir='ltr'><strong>pro</strong></span> <span class='ocrx_word' id='word_1_120' title='bbox 1183 1195 1382 1255; x_wconf 80' lang='grc' dir='ltr'><strong><em>ψεύστης</em></strong></span> <span class='ocrx_word' id='word_1_121' title='bbox 1420 1192 1461 1241; x_wconf 81' lang='grc' dir='ltr'><strong>εἶ</strong></span> <span class='ocrx_word' id='word_1_122' title='bbox 1498 1198 1598 1251; x_wconf 88' lang='lat' dir='ltr'><strong>(scr.</strong></span> <span class='ocrx_word' id='word_1_123' title='bbox 1629 1190 1710 1250; x_wconf 81' lang='grc' dir='ltr'><strong><em>εἷς)</em></strong></span> 
     </span>
     <span class='ocr_line' id='line_1_20' title="bbox 236 1257 1711 1321; baseline 0.001 -15"><span class='ocrx_word' id='word_1_124' title='bbox 236 1262 425 1306; x_wconf 89' lang='lat' dir='ltr'><strong>scribens</strong></span> <span class='ocrx_word' id='word_1_125' title='bbox 460 1263 644 1321; x_wconf 90' lang='lat' dir='ltr'><strong>hyphen,</strong></span> <span class='ocrx_word' id='word_1_126' title='bbox 691 1259 862 1307; x_wconf 70' lang='grc' dir='ltr'><strong><em>ἄτοπον</em></strong></span> <span class='ocrx_word' id='word_1_127' title='bbox 901 1263 985 1321; x_wconf 78' lang='grc' dir='ltr'><strong><em>γὰρ</em></strong></span> <span class='ocrx_word' id='word_1_128' title='bbox 1026 1264 1166 1320; x_wconf 82' lang='grc' dir='ltr'><strong><em>λέγειν</em></strong></span> <span class='ocrx_word' id='word_1_129' title='bbox 1204 1262 1285 1307; x_wconf 81' lang='grc' dir='ltr'><strong><em>Διί</em></strong></span> <span class='ocrx_word' id='word_1_130' title='bbox 1326 1261 1524 1321; x_wconf 82' lang='grc' dir='ltr'><strong><em>ψεύστης</em></strong></span> <span class='ocrx_word' id='word_1_131' title='bbox 1559 1257 1613 1307; x_wconf 83' lang='grc' dir='ltr'><strong>εἶ.</strong></span> <span class='ocrx_word' id='word_1_132' title='bbox 1670 1261 1711 1313; x_wconf 65' lang='grc' dir='ltr'><strong>Ιβ</strong></span> 
     </span>
     <span class='ocr_line' id='line_1_21' title="bbox 236 1329 1713 1388; baseline 0.003 -18"><span class='ocrx_word' id='word_1_133' title='bbox 236 1330 384 1384; x_wconf 84' lang='lat' dir='ltr'><strong>igitur,</strong></span> <span class='ocrx_word' id='word_1_134' title='bbox 425 1331 461 1372; x_wconf 94' lang='lat' dir='ltr'><strong>si</strong></span> <span class='ocrx_word' id='word_1_135' title='bbox 491 1330 598 1374; x_wconf 87' lang='lat' dir='ltr'><strong>haec</strong></span> <span class='ocrx_word' id='word_1_136' title='bbox 629 1332 717 1386; x_wconf 78' lang='lat' dir='ltr'><strong>eJus</strong></span> <span class='ocrx_word' id='word_1_137' title='bbox 752 1332 858 1374; x_wconf 86' lang='lat' dir='ltr'><strong>ratio</strong></span> <span class='ocrx_word' id='word_1_138' title='bbox 889 1331 986 1382; x_wconf 86' lang='lat' dir='ltr'><strong>suit,</strong></span> <span class='ocrx_word' id='word_1_139' title='bbox 1017 1332 1228 1388; x_wconf 88' lang='grc' dir='ltr'><strong><em>ψευστεῖν</em></strong></span> <span class='ocrx_word' id='word_1_140' title='bbox 1259 1329 1370 1372; x_wconf 86' lang='lat' dir='ltr'><strong>idem</strong></span> <span class='ocrx_word' id='word_1_141' title='bbox 1397 1329 1541 1373; x_wconf 91' lang='lat' dir='ltr'><strong>valere</strong></span> <span class='ocrx_word' id='word_1_142' title='bbox 1576 1329 1713 1374; x_wconf 79' lang='lat' dir='ltr'><strong>statuit</strong></span> 
     </span>
     <span class='ocr_line' id='line_1_22' title="bbox 237 1391 1715 1453; baseline 0.001 -16"><span class='ocrx_word' id='word_1_143' title='bbox 237 1395 345 1451; x_wconf 86' lang='lat' dir='ltr'><strong>quod</strong></span> <span class='ocrx_word' id='word_1_144' title='bbox 384 1394 638 1452; x_wconf 73' lang='grc' dir='ltr'><strong><em>ψεύδεσθαι</em></strong></span> <span class='ocrx_word' id='word_1_145' title='bbox 682 1397 761 1440; x_wconf 92' lang='lat' dir='ltr'><strong>hoc</strong></span> <span class='ocrx_word' id='word_1_146' title='bbox 802 1404 864 1440; x_wconf 90' lang='lat' dir='ltr'><strong>est</strong></span> <span class='ocrx_word' id='word_1_147' title='bbox 899 1399 1060 1441; x_wconf 87' lang='lat' dir='ltr'><strong>mentiri</strong></span> <span class='ocrx_word' id='word_1_148' title='bbox 1104 1397 1180 1440; x_wconf 90' lang='lat' dir='ltr'><strong>sed</strong></span> <span class='ocrx_word' id='word_1_149' title='bbox 1215 1393 1414 1453; x_wconf 80' lang='grc' dir='ltr'><strong><em>ψεύστην</em></strong></span> <span class='ocrx_word' id='word_1_150' title='bbox 1453 1391 1566 1440; x_wconf 82' lang='grc' dir='ltr'><strong><em>εἶναι</em></strong></span> <span class='ocrx_word' id='word_1_151' title='bbox 1601 1409 1715 1439; x_wconf 74' lang='lat' dir='ltr'><strong>men·</strong></span> 
     </span>
     <span class='ocr_line' id='line_1_23' title="bbox 239 1462 1713 1521; baseline 0.002 -18"><span class='ocrx_word' id='word_1_152' title='bbox 239 1462 384 1504; x_wconf 86' lang='lat' dir='ltr'><strong>dacem</strong></span> <span class='ocrx_word' id='word_1_153' title='bbox 413 1475 534 1513; x_wconf 87' lang='lat' dir='ltr'><strong>esse,</strong></span> <span class='ocrx_word' id='word_1_154' title='bbox 574 1464 683 1520; x_wconf 87' lang='lat' dir='ltr'><strong>quod</strong></span> <span class='ocrx_word' id='word_1_155' title='bbox 712 1463 838 1507; x_wconf 89' lang='lat' dir='ltr'><strong>multo</strong></span> <span class='ocrx_word' id='word_1_156' title='bbox 874 1465 989 1521; x_wconf 90' lang='lat' dir='ltr'><strong>pejus</strong></span> <span class='ocrx_word' id='word_1_157' title='bbox 1028 1470 1102 1507; x_wconf 90' lang='lat' dir='ltr'><strong>est.</strong></span> <span class='ocrx_word' id='word_1_158' title='bbox 1160 1462 1451 1506; x_wconf 84' lang='lat' dir='ltr'><strong>Verumtamen</strong></span> <span class='ocrx_word' id='word_1_159' title='bbox 1481 1462 1713 1521; x_wconf 75' lang='grc' dir='ltr'><strong><em>δεσποτεῖν</em></strong></span> 
     </span>
     <span class='ocr_line' id='line_1_24' title="bbox 237 1527 1726 1587; baseline 0 -15"><span class='ocrx_word' id='word_1_160' title='bbox 237 1527 355 1572; x_wconf 87' lang='lat' dir='ltr'><strong>nulla</strong></span> <span class='ocrx_word' id='word_1_161' title='bbox 381 1542 427 1571; x_wconf 90' lang='lat' dir='ltr'><strong>re</strong></span> <span class='ocrx_word' id='word_1_162' title='bbox 460 1529 595 1572; x_wconf 83' lang='lat' dir='ltr'><strong>differt</strong></span> <span class='ocrx_word' id='word_1_163' title='bbox 625 1543 651 1572; x_wconf 92' lang='lat' dir='ltr'><strong>a</strong></span> <span class='ocrx_word' id='word_1_164' title='bbox 681 1527 914 1584; x_wconf 79' lang='grc' dir='ltr'><strong><em>δεσπόζειν</em></strong></span> <span class='ocrx_word' id='word_1_165' title='bbox 950 1537 990 1574; x_wconf 91' lang='lat' dir='ltr'><strong>et</strong></span> <span class='ocrx_word' id='word_1_166' title='bbox 1018 1531 1248 1587; x_wconf 87' lang='lat' dir='ltr'><strong>composita</strong></span> <span class='ocrx_word' id='word_1_167' title='bbox 1276 1531 1574 1586; x_wconf 84' lang='grc' dir='ltr'><strong><em>παραβατεῖν,</em></strong></span> <span class='ocrx_word' id='word_1_168' title='bbox 1616 1527 1726 1582; x_wconf 39' lang='grc' dir='ltr'><strong><em>ἔπιε</em></strong></span> 
     </span>
     <span class='ocr_line' id='line_1_25' title="bbox 238 1594 1714 1652; baseline 0.001 -16"><span class='ocrx_word' id='word_1_169' title='bbox 238 1597 436 1646; x_wconf 85' lang='grc' dir='ltr'><strong><em>στατεῖν,</em></strong></span> <span class='ocrx_word' id='word_1_170' title='bbox 478 1598 748 1652; x_wconf 78' lang='grc' dir='ltr'><strong><em>προστατεῖν</em></strong></span> <span class='ocrx_word' id='word_1_171' title='bbox 789 1595 1118 1652; x_wconf 84' lang='lat' dir='ltr'><strong>significantiora</strong></span> <span class='ocrx_word' id='word_1_172' title='bbox 1157 1596 1321 1652; x_wconf 89' lang='lat' dir='ltr'><strong>quidem</strong></span> <span class='ocrx_word' id='word_1_173' title='bbox 1366 1601 1460 1638; x_wconf 86' lang='lat' dir='ltr'><strong>sunt</strong></span> <span class='ocrx_word' id='word_1_174' title='bbox 1497 1594 1714 1652; x_wconf 72' lang='lat' dir='ltr'><strong>primitivis</strong></span> 
     </span>
     <span class='ocr_line' id='line_1_26' title="bbox 238 1658 1728 1720; baseline 0.001 -18"><span class='ocrx_word' id='word_1_175' title='bbox 238 1658 554 1716; x_wconf 82' lang='grc' dir='ltr'><strong><em>παραβαίνειν,</em></strong></span> <span class='ocrx_word' id='word_1_176' title='bbox 595 1661 855 1718; x_wconf 78' lang='grc' dir='ltr'><strong><em>ἐπιστῆναι,</em></strong></span> <span class='ocrx_word' id='word_1_177' title='bbox 888 1664 1139 1720; x_wconf 81' lang='grc' dir='ltr'><strong><em>προστῆναι</em></strong></span> <span class='ocrx_word' id='word_1_178' title='bbox 1170 1662 1246 1705; x_wconf 87' lang='lat' dir='ltr'><strong>sed</strong></span> <span class='ocrx_word' id='word_1_179' title='bbox 1273 1661 1353 1705; x_wconf 88' lang='lat' dir='ltr'><strong>hoc</strong></span> <span class='ocrx_word' id='word_1_180' title='bbox 1382 1662 1604 1705; x_wconf 84' lang='lat' dir='ltr'><strong>discrimen</strong></span> <span class='ocrx_word' id='word_1_181' title='bbox 1634 1663 1728 1705; x_wconf 78' lang='lat' dir='ltr'><strong>non-</strong></span> 
     </span>
     <span class='ocr_line' id='line_1_27' title="bbox 239 1722 1715 1785; baseline 0.003 -17"><span class='ocrx_word' id='word_1_182' title='bbox 239 1732 324 1769; x_wconf 87' lang='lat' dir='ltr'><strong>tam</strong></span> <span class='ocrx_word' id='word_1_183' title='bbox 354 1727 525 1770; x_wconf 88' lang='lat' dir='ltr'><strong>evidens</strong></span> <span class='ocrx_word' id='word_1_184' title='bbox 554 1735 594 1770; x_wconf 90' lang='lat' dir='ltr'><strong>et</strong></span> <span class='ocrx_word' id='word_1_185' title='bbox 623 1727 784 1771; x_wconf 87' lang='lat' dir='ltr'><strong>illustre</strong></span> <span class='ocrx_word' id='word_1_186' title='bbox 804 1734 868 1771; x_wconf 92' lang='lat' dir='ltr'><strong>est</strong></span> <span class='ocrx_word' id='word_1_187' title='bbox 895 1735 938 1771; x_wconf 93' lang='lat' dir='ltr'><strong>ut</strong></span> <span class='ocrx_word' id='word_1_188' title='bbox 965 1741 1049 1772; x_wconf 91' lang='lat' dir='ltr'><strong>non</strong></span> <span class='ocrx_word' id='word_1_189' title='bbox 1069 1728 1294 1785; x_wconf 87' lang='lat' dir='ltr'><strong>aliquando</strong></span> <span class='ocrx_word' id='word_1_190' title='bbox 1320 1722 1575 1772; x_wconf 58' lang='lat' dir='ltr'><strong>obscureturss</strong></span> <span class='ocrx_word' id='word_1_191' title='bbox 1633 1726 1715 1772; x_wconf 83' lang='lat' dir='ltr'><strong>Ge-</strong></span> 
     </span>
     <span class='ocr_line' id='line_1_28' title="bbox 241 1793 1715 1852; baseline 0.003 -19"><span class='ocrx_word' id='word_1_192' title='bbox 241 1799 371 1835; x_wconf 85' lang='lat' dir='ltr'><strong>terum</strong></span> <span class='ocrx_word' id='word_1_193' title='bbox 400 1797 611 1847; x_wconf 88' lang='grc' dir='ltr'><strong><em>ψευστεῖν</em></strong></span> <span class='ocrx_word' id='word_1_194' title='bbox 640 1793 744 1837; x_wconf 92' lang='lat' dir='ltr'><strong>illud</strong></span> <span class='ocrx_word' id='word_1_195' title='bbox 773 1794 875 1837; x_wconf 85' lang='lat' dir='ltr'><strong>alibi</strong></span> <span class='ocrx_word' id='word_1_196' title='bbox 903 1808 986 1838; x_wconf 92' lang='lat' dir='ltr'><strong>non</strong></span> <span class='ocrx_word' id='word_1_197' title='bbox 1015 1795 1189 1850; x_wconf 85' lang='lat' dir='ltr'><strong>legitur,</strong></span> <span class='ocrx_word' id='word_1_198' title='bbox 1222 1807 1356 1852; x_wconf 88' lang='lat' dir='ltr'><strong>neque</strong></span> <span class='ocrx_word' id='word_1_199' title='bbox 1386 1794 1502 1839; x_wconf 81' lang='lat' dir='ltr'><strong>aliud</strong></span> <span class='ocrx_word' id='word_1_200' title='bbox 1530 1793 1627 1838; x_wconf 90' lang='lat' dir='ltr'><strong>huic</strong></span> <span class='ocrx_word' id='word_1_201' title='bbox 1655 1795 1715 1850; x_wconf 76' lang='lat' dir='ltr'><strong>si-</strong></span> 
     </span>
     <span class='ocr_line' id='line_1_29' title="bbox 240 1858 1714 1919; baseline 0.004 -19"><span class='ocrx_word' id='word_1_202' title='bbox 240 1858 337 1901; x_wconf 89' lang='lat' dir='ltr'><strong>mile</strong></span> <span class='ocrx_word' id='word_1_203' title='bbox 369 1871 396 1902; x_wconf 88' lang='lat' dir='ltr'><strong>a</strong></span> <span class='ocrx_word' id='word_1_204' title='bbox 422 1861 588 1904; x_wconf 87' lang='lat' dir='ltr'><strong>nomine</strong></span> <span class='ocrx_word' id='word_1_205' title='bbox 609 1860 771 1904; x_wconf 88' lang='lat' dir='ltr'><strong>verbali</strong></span> <span class='ocrx_word' id='word_1_206' title='bbox 801 1861 984 1912; x_wconf 83' lang='lat' dir='ltr'><strong>ductum3</strong></span> <span class='ocrx_word' id='word_1_207' title='bbox 1014 1874 1111 1904; x_wconf 90' lang='lat' dir='ltr'><strong>nam</strong></span> <span class='ocrx_word' id='word_1_208' title='bbox 1140 1862 1489 1919; x_wconf 75' lang='grc' dir='ltr'><strong><em>σκαρδαμυκτεῖν</em></strong></span> <span class='ocrx_word' id='word_1_209' title='bbox 1501 1859 1714 1906; x_wconf 68' lang='lat' dir='ltr'><strong>Lucianud</strong></span> 
     </span>
     <span class='ocr_line' id='line_1_30' title="bbox 240 1925 1715 1981; baseline 0.003 -14"><span class='ocrx_word' id='word_1_210' title='bbox 240 1925 412 1975; x_wconf 87' lang='lat' dir='ltr'><strong>deridet,</strong></span> <span class='ocrx_word' id='word_1_211' title='bbox 445 1926 678 1970; x_wconf 86' lang='grc' dir='ltr'><strong><em>δεσποτεῒν</em></strong></span> <span class='ocrx_word' id='word_1_212' title='bbox 701 1934 836 1970; x_wconf 89' lang='lat' dir='ltr'><strong>autem</strong></span> <span class='ocrx_word' id='word_1_213' title='bbox 855 1934 895 1970; x_wconf 89' lang='lat' dir='ltr'><strong>et</strong></span> <span class='ocrx_word' id='word_1_214' title='bbox 923 1925 1155 1981; x_wconf 84' lang='grc' dir='ltr'><strong><em>δεσπόζειν</em></strong></span> <span class='ocrx_word' id='word_1_215' title='bbox 1183 1927 1339 1971; x_wconf 90' lang='lat' dir='ltr'><strong>nullius</strong></span> <span class='ocrx_word' id='word_1_216' title='bbox 1365 1927 1485 1971; x_wconf 87' lang='lat' dir='ltr'><strong>verbi</strong></span> <span class='ocrx_word' id='word_1_217' title='bbox 1514 1929 1715 1972; x_wconf 79' lang='lat' dir='ltr'><strong>societate</strong></span> 
     </span>
     <span class='ocr_line' id='line_1_31' title="bbox 239 1990 1714 2052; baseline 0.004 -20"><span class='ocrx_word' id='word_1_218' title='bbox 239 1991 430 2033; x_wconf 86' lang='lat' dir='ltr'><strong>nituntur.</strong></span> <span class='ocrx_word' id='word_1_219' title='bbox 474 1990 562 2034; x_wconf 86' lang='lat' dir='ltr'><strong>Sed</strong></span> <span class='ocrx_word' id='word_1_220' title='bbox 590 2005 696 2050; x_wconf 88' lang='lat' dir='ltr'><strong>quae</strong></span> <span class='ocrx_word' id='word_1_221' title='bbox 717 2006 808 2036; x_wconf 89' lang='lat' dir='ltr'><strong>cum</strong></span> <span class='ocrx_word' id='word_1_222' title='bbox 835 1993 1069 2036; x_wconf 87' lang='lat' dir='ltr'><strong>nominibus</strong></span> <span class='ocrx_word' id='word_1_223' title='bbox 1097 2001 1137 2036; x_wconf 90' lang='lat' dir='ltr'><strong>et</strong></span> <span class='ocrx_word' id='word_1_224' title='bbox 1156 1994 1365 2037; x_wconf 86' lang='lat' dir='ltr'><strong>adverbiis</strong></span> <span class='ocrx_word' id='word_1_225' title='bbox 1397 1994 1590 2052; x_wconf 89' lang='lat' dir='ltr'><strong>copulata</strong></span> <span class='ocrx_word' id='word_1_226' title='bbox 1610 1999 1714 2045; x_wconf 81' lang='lat' dir='ltr'><strong>sunt,</strong></span> 
     </span>
     <span class='ocr_line' id='line_1_32' title="bbox 241 2057 1715 2136; baseline 0.003 -37"><span class='ocrx_word' id='word_1_227' title='bbox 241 2069 295 2099; x_wconf 87' lang='lat' dir='ltr'><strong>ea</strong></span> <span class='ocrx_word' id='word_1_228' title='bbox 320 2069 422 2099; x_wconf 88' lang='lat' dir='ltr'><strong>vero</strong></span> <span class='ocrx_word' id='word_1_229' title='bbox 453 2069 505 2099; x_wconf 83' lang='lat' dir='ltr'><strong>ex</strong></span> <span class='ocrx_word' id='word_1_230' title='bbox 540 2070 586 2100; x_wconf 93' lang='lat' dir='ltr'><strong>se</strong></span> <span class='ocrx_word' id='word_1_231' title='bbox 618 2058 789 2102; x_wconf 80' lang='lat' dir='ltr'><strong>fundunt</strong></span> <span class='ocrx_word' id='word_1_232' title='bbox 818 2061 981 2136; x_wconf 79' lang='lat' dir='ltr'><strong>copiam</strong></span> <span class='ocrx_word' id='word_1_233' title='bbox 1010 2059 1230 2102; x_wconf 85' lang='lat' dir='ltr'><strong>verborum</strong></span> <span class='ocrx_word' id='word_1_234' title='bbox 1260 2057 1522 2114; x_wconf 78' lang='grc' dir='ltr'><strong><em>ἀδολεσχεῖν,</em></strong></span> <span class='ocrx_word' id='word_1_235' title='bbox 1551 2064 1715 2116; x_wconf 79' lang='grc' dir='ltr'><strong><em>βυρσο-</em></strong></span> 
     </span>
     <span class='ocr_line' id='line_1_33' title="bbox 241 2119 1715 2181; baseline 0.003 -16"><span class='ocrx_word' id='word_1_236' title='bbox 241 2123 417 2179; x_wconf 82' lang='grc' dir='ltr'><strong><em>δεψεῖν,</em></strong></span> <span class='ocrx_word' id='word_1_237' title='bbox 442 2119 692 2174; x_wconf 75' lang='grc' dir='ltr'><strong><em>αὐθεντεῖν,</em></strong></span> <span class='ocrx_word' id='word_1_238' title='bbox 723 2123 934 2175; x_wconf 80' lang='grc' dir='ltr'><strong><em>εὖεκτεῖν,</em></strong></span> <span class='ocrx_word' id='word_1_239' title='bbox 965 2128 1227 2181; x_wconf 81' lang='grc' dir='ltr'><strong><em>κυνηγετεῖν,</em></strong></span> <span class='ocrx_word' id='word_1_240' title='bbox 1255 2126 1544 2178; x_wconf 85' lang='grc' dir='ltr'><strong><em>πλεονεκτεῖν,</em></strong></span> <span class='ocrx_word' id='word_1_241' title='bbox 1575 2127 1715 2170; x_wconf 84' lang='grc' dir='ltr'><strong><em>πλου-</em></strong></span> 
     </span>
     <span class='ocr_line' id='line_1_34' title="bbox 241 2190 1728 2249; baseline 0.003 -19"><span class='ocrx_word' id='word_1_242' title='bbox 241 2190 459 2239; x_wconf 88' lang='grc' dir='ltr'><strong><em>τοδοτεῖν,</em></strong></span> <span class='ocrx_word' id='word_1_243' title='bbox 496 2192 809 2246; x_wconf 82' lang='grc' dir='ltr'><strong><em>συκοφαντεῖν,</em></strong></span> <span class='ocrx_word' id='word_1_244' title='bbox 856 2190 1022 2246; x_wconf 89' lang='lat' dir='ltr'><strong>aliaque</strong></span> <span class='ocrx_word' id='word_1_245' title='bbox 1053 2191 1184 2234; x_wconf 89' lang='lat' dir='ltr'><strong>cuivis</strong></span> <span class='ocrx_word' id='word_1_246' title='bbox 1213 2197 1400 2248; x_wconf 84' lang='lat' dir='ltr'><strong>prompta</strong></span> <span class='ocrx_word' id='word_1_247' title='bbox 1429 2198 1469 2235; x_wconf 86' lang='lat' dir='ltr'><strong>et</strong></span> <span class='ocrx_word' id='word_1_248' title='bbox 1498 2191 1634 2236; x_wconf 87' lang='lat' dir='ltr'><strong>obvia</strong></span> <span class='ocrx_word' id='word_1_249' title='bbox 1661 2214 1728 2249; x_wconf 15' lang='lat'><strong>—-7</strong></span> 
     </span>
     <span class='ocr_line' id='line_1_35' title="bbox 240 2253 1728 2315; baseline 0.004 -19"><span class='ocrx_word' id='word_1_250' title='bbox 240 2254 279 2297; x_wconf 89' lang='grc' dir='ltr'><strong>Α</strong></span> <span class='ocrx_word' id='word_1_251' title='bbox 309 2253 578 2298; x_wconf 83' lang='lat' dir='ltr'><strong>substantivis</strong></span> <span class='ocrx_word' id='word_1_252' title='bbox 615 2256 823 2299; x_wconf 89' lang='lat' dir='ltr'><strong>secundae</strong></span> <span class='ocrx_word' id='word_1_253' title='bbox 863 2256 1154 2301; x_wconf 85' lang='lat' dir='ltr'><strong>declinationis</strong></span> <span class='ocrx_word' id='word_1_254' title='bbox 1187 2263 1303 2300; x_wconf 88' lang='lat' dir='ltr'><strong>tanta</strong></span> <span class='ocrx_word' id='word_1_255' title='bbox 1339 2264 1480 2300; x_wconf 87' lang='lat' dir='ltr'><strong>manat</strong></span> <span class='ocrx_word' id='word_1_256' title='bbox 1513 2260 1636 2315; x_wconf 82' lang='lat' dir='ltr'><strong>copia</strong></span> <span class='ocrx_word' id='word_1_257' title='bbox 1672 2263 1728 2303; x_wconf 74' lang='lat' dir='ltr'><strong>ut‘l</strong></span> 
     </span>
     <span class='ocr_line' id='line_1_36' title="bbox 240 2319 1714 2378; baseline 0.002 -15"><span class='ocrx_word' id='word_1_258' title='bbox 240 2322 344 2363; x_wconf 86' lang='lat' dir='ltr'><strong>satis</strong></span> <span class='ocrx_word' id='word_1_259' title='bbox 375 2322 429 2363; x_wconf 90' lang='lat' dir='ltr'><strong>sit</strong></span> <span class='ocrx_word' id='word_1_260' title='bbox 457 2322 500 2364; x_wconf 91' lang='lat' dir='ltr'><strong>in</strong></span> <span class='ocrx_word' id='word_1_261' title='bbox 526 2322 659 2378; x_wconf 90' lang='lat' dir='ltr'><strong>prima</strong></span> <span class='ocrx_word' id='word_1_262' title='bbox 693 2324 924 2366; x_wconf 87' lang='lat' dir='ltr'><strong>consistere</strong></span> <span class='ocrx_word' id='word_1_263' title='bbox 950 2323 1095 2367; x_wconf 88' lang='lat' dir='ltr'><strong>litera:</strong></span> <span class='ocrx_word' id='word_1_264' title='bbox 1137 2319 1312 2374; x_wconf 73' lang='grc' dir='ltr'><strong><em>ἆθλέω,</em></strong></span> <span class='ocrx_word' id='word_1_265' title='bbox 1345 2320 1496 2373; x_wconf 80' lang='grc' dir='ltr'><strong><em>αἰνέω,</em></strong></span> <span class='ocrx_word' id='word_1_266' title='bbox 1537 2321 1714 2374; x_wconf 81' lang='grc' dir='ltr'><strong><em>ἀντλέω,</em></strong></span> 
     </span>
    </p>

    <p class='ocr_par' dir='ltr' id='par_1_6' title="bbox 237 2383 1723 2845">
     <span class='ocr_line' id='line_1_37' title="bbox 240 2383 1713 2446; baseline 0.003 -18"><span class='ocrx_word' id='word_1_267' title='bbox 240 2384 438 2442; x_wconf 78' lang='grc' dir='ltr'><strong><em>ἆραβέω,</em></strong></span> <span class='ocrx_word' id='word_1_268' title='bbox 489 2383 717 2444; x_wconf 75' lang='grc' dir='ltr'><strong><em>ἇριθμέω,</em></strong></span> <span class='ocrx_word' id='word_1_269' title='bbox 768 2384 977 2446; x_wconf 75' lang='grc' dir='ltr'><strong><em>ἆρθμὲω,</em></strong></span> <span class='ocrx_word' id='word_1_270' title='bbox 1032 2387 1262 2444; x_wconf 82' lang='grc' dir='ltr'><strong><em>αρταμέω,</em></strong></span> <span class='ocrx_word' id='word_1_271' title='bbox 1306 2384 1474 2440; x_wconf 79' lang='grc' dir='ltr'><strong><em>αὗλὲω,</em></strong></span> <span class='ocrx_word' id='word_1_272' title='bbox 1526 2385 1713 2443; x_wconf 81' lang='grc' dir='ltr'><strong><em>αὗχμέω,</em></strong></span> 
     </span>
     <span class='ocr_line' id='line_1_38' title="bbox 240 2448 1714 2510; baseline 0.002 -15"><span class='ocrx_word' id='word_1_273' title='bbox 240 2448 413 2509; x_wconf 81' lang='grc' dir='ltr'><strong><em>ἆφρέω,</em></strong></span> <span class='ocrx_word' id='word_1_274' title='bbox 440 2460 481 2496; x_wconf 89' lang='lat' dir='ltr'><strong>et</strong></span> <span class='ocrx_word' id='word_1_275' title='bbox 511 2454 658 2497; x_wconf 88' lang='lat' dir='ltr'><strong>eadem</strong></span> <span class='ocrx_word' id='word_1_276' title='bbox 688 2454 875 2499; x_wconf 83' lang='lat' dir='ltr'><strong>ubertate</strong></span> <span class='ocrx_word' id='word_1_277' title='bbox 907 2468 934 2499; x_wconf 90' lang='lat' dir='ltr'><strong>a</strong></span> <span class='ocrx_word' id='word_1_278' title='bbox 962 2456 1125 2499; x_wconf 88' lang='lat' dir='ltr'><strong>ceteris.</strong></span> <span class='ocrx_word' id='word_1_279' title='bbox 1182 2452 1402 2498; x_wconf 86' lang='lat' dir='ltr'><strong>Nonnullis</strong></span> <span class='ocrx_word' id='word_1_280' title='bbox 1429 2454 1560 2499; x_wconf 84' lang='lat' dir='ltr'><strong>verba</strong></span> <span class='ocrx_word' id='word_1_281' title='bbox 1587 2454 1714 2510; x_wconf 84' lang='lat' dir='ltr'><strong>bary-</strong></span> 
     </span>
     <span class='ocr_line' id='line_1_39' title="bbox 240 2520 1710 2579; baseline 0.003 -19"><span class='ocrx_word' id='word_1_282' title='bbox 240 2524 340 2561; x_wconf 87' lang='lat' dir='ltr'><strong>tona</strong></span> <span class='ocrx_word' id='word_1_283' title='bbox 367 2528 657 2576; x_wconf 88' lang='lat' dir='ltr'><strong>praecurrunt,</strong></span> <span class='ocrx_word' id='word_1_284' title='bbox 688 2521 858 2577; x_wconf 80' lang='grc' dir='ltr'><strong><em>βρέμω,</em></strong></span> <span class='ocrx_word' id='word_1_285' title='bbox 889 2520 1060 2579; x_wconf 76' lang='grc' dir='ltr'><strong><em>ῥέμβω,</em></strong></span> <span class='ocrx_word' id='word_1_286' title='bbox 1089 2520 1259 2577; x_wconf 83' lang='grc' dir='ltr'><strong><em>τρέμω,</em></strong></span> <span class='ocrx_word' id='word_1_287' title='bbox 1290 2521 1506 2576; x_wconf 80' lang='grc' dir='ltr'><strong><em>φέβομαι,</em></strong></span> <span class='ocrx_word' id='word_1_288' title='bbox 1543 2521 1710 2575; x_wconf 83' lang='grc' dir='ltr'><strong><em>νέομαι,</em></strong></span> 
     </span>
     <span class='ocr_line' id='line_1_40' title="bbox 239 2582 1721 2647; baseline 0.004 -21"><span class='ocrx_word' id='word_1_289' title='bbox 239 2582 414 2638; x_wconf 75' lang='grc' dir='ltr'><strong><em>θάσσω,</em></strong></span> <span class='ocrx_word' id='word_1_290' title='bbox 443 2587 654 2631; x_wconf 88' lang='lat' dir='ltr'><strong>intellectu</strong></span> <span class='ocrx_word' id='word_1_291' title='bbox 689 2587 835 2630; x_wconf 87' lang='lat' dir='ltr'><strong>eodem</strong></span> <span class='ocrx_word' id='word_1_292' title='bbox 865 2600 945 2645; x_wconf 87' lang='lat' dir='ltr'><strong>quo</strong></span> <span class='ocrx_word' id='word_1_293' title='bbox 975 2587 1163 2630; x_wconf 86' lang='lat' dir='ltr'><strong>derivata</strong></span> <span class='ocrx_word' id='word_1_294' title='bbox 1188 2587 1379 2643; x_wconf 81' lang='grc' dir='ltr'><strong><em>βρομέω,</em></strong></span> <span class='ocrx_word' id='word_1_295' title='bbox 1413 2587 1598 2646; x_wconf 84' lang='grc' dir='ltr'><strong><em>τρομέω,</em></strong></span> <span class='ocrx_word' id='word_1_296' title='bbox 1628 2602 1721 2647; x_wconf 65' lang='lat' dir='ltr'><strong>qui-¹</strong></span> 
     </span>
     <span class='ocr_line' id='line_1_41' title="bbox 237 2650 1721 2715; baseline 0.002 -22"><span class='ocrx_word' id='word_1_297' title='bbox 237 2650 338 2703; x_wconf 80' lang='grc' dir='ltr'><strong><em>βέω,</em></strong></span> <span class='ocrx_word' id='word_1_298' title='bbox 368 2652 546 2705; x_wconf 86' lang='grc' dir='ltr'><strong><em>νοστέω,</em></strong></span> <span class='ocrx_word' id='word_1_299' title='bbox 575 2653 730 2707; x_wconf 62' lang='grc' dir='ltr'><strong><em>θαρσέω</em></strong></span> <span class='ocrx_word' id='word_1_300' title='bbox 749 2660 825 2696; x_wconf 90' lang='lat' dir='ltr'><strong>etc.</strong></span> <span class='ocrx_word' id='word_1_301' title='bbox 856 2654 932 2697; x_wconf 89' lang='lat' dir='ltr'><strong>sed</strong></span> <span class='ocrx_word' id='word_1_302' title='bbox 959 2654 1093 2697; x_wconf 90' lang='lat' dir='ltr'><strong>minus</strong></span> <span class='ocrx_word' id='word_1_303' title='bbox 1121 2651 1335 2707; x_wconf 84' lang='lat' dir='ltr'><strong>flexibilia,</strong></span> <span class='ocrx_word' id='word_1_304' title='bbox 1366 2666 1493 2710; x_wconf 88' lang='lat' dir='ltr'><strong>quare</strong></span> <span class='ocrx_word' id='word_1_305' title='bbox 1526 2659 1721 2715; x_wconf 45' lang='lat' dir='ltr'><strong>tempora</strong></span> 
     </span>
     <span class='ocr_line' id='line_1_42' title="bbox 240 2716 1721 2780; baseline 0.004 -24"><span class='ocrx_word' id='word_1_306' title='bbox 240 2723 471 2759; x_wconf 88' lang='lat' dir='ltr'><strong>mutuantur</strong></span> <span class='ocrx_word' id='word_1_307' title='bbox 506 2731 532 2761; x_wconf 86' lang='lat' dir='ltr'><strong>a</strong></span> <span class='ocrx_word' id='word_1_308' title='bbox 561 2722 800 2776; x_wconf 88' lang='lat' dir='ltr'><strong>paronymis</strong></span> <span class='ocrx_word' id='word_1_309' title='bbox 830 2717 1038 2776; x_wconf 82' lang='grc' dir='ltr'><strong><em>φοβήσω,</em></strong></span> <span class='ocrx_word' id='word_1_310' title='bbox 1077 2716 1301 2775; x_wconf 86' lang='grc' dir='ltr'><strong><em>νοστήσω,</em></strong></span> <span class='ocrx_word' id='word_1_311' title='bbox 1339 2716 1544 2776; x_wconf 77' lang='grc' dir='ltr'><strong><em>θακήσω.</em></strong></span> <span class='ocrx_word' id='word_1_312' title='bbox 1599 2719 1721 2780; x_wconf 61' lang='lat' dir='ltr'><strong>Aliisf¹</strong></span> 
     </span>
     <span class='ocr_line' id='line_1_43' title="bbox 237 2782 1723 2845; baseline 0.003 -22"><span class='ocrx_word' id='word_1_313' title='bbox 237 2795 336 2824; x_wconf 87' lang='lat' dir='ltr'><strong>vero</strong></span> <span class='ocrx_word' id='word_1_314' title='bbox 367 2782 554 2827; x_wconf 85' lang='lat' dir='ltr'><strong>inhaeret</strong></span> <span class='ocrx_word' id='word_1_315' title='bbox 583 2799 712 2841; x_wconf 85' lang='lat' dir='ltr'><strong>sapor</strong></span> <span class='ocrx_word' id='word_1_316' title='bbox 746 2799 771 2829; x_wconf 91' lang='lat' dir='ltr'><strong>a</strong></span> <span class='ocrx_word' id='word_1_317' title='bbox 802 2785 1091 2835; x_wconf 83' lang='lat' dir='ltr'><strong>substantivis,</strong></span> <span class='ocrx_word' id='word_1_318' title='bbox 1125 2785 1232 2829; x_wconf 88' lang='lat' dir='ltr'><strong>unde</strong></span> <span class='ocrx_word' id='word_1_319' title='bbox 1267 2791 1367 2829; x_wconf 85' lang='lat' dir='ltr'><strong>nata</strong></span> <span class='ocrx_word' id='word_1_320' title='bbox 1394 2793 1505 2837; x_wconf 85' lang='lat' dir='ltr'><strong>sunt,</strong></span> <span class='ocrx_word' id='word_1_321' title='bbox 1545 2792 1723 2845; x_wconf 55' lang='lat' dir='ltr'><strong>tractus,3³</strong></span> 
     </span>
    </p>
   </div>
   <div class='ocr_carea' id='block_1_4' title="bbox 1678 2981 1728 3120">
    <p class='ocr_par' dir='ltr' id='par_1_7' title="bbox 1678 2981 1728 3120">
     <span class='ocr_line' id='line_1_44' title="bbox 1678 2981 1728 3120; baseline -0.02 -75"><span class='ocrx_word' id='word_1_322' title='bbox 1678 2981 1728 3120; x_wconf 44' lang='lat'>3</span> 
     </span>
    </p>
   </div>
  </div>
 </body>
</html>
