1708 3126
187 211 252 257 76
641 180 1110 251 DISSERTATIO'
1135 202 1202 246 lv,

186 317 315 362 Εῧόω
359 321 398 358 et
437 312 537 371 εὐνή
579 327 663 358 11011
699 315 826 370 longe
864 315 1018 358 distant
1057 315 1108 358 ab
1145 309 1240 358 αἷίω
1283 314 1442 358 dormio
1480 312 1656 359 Nicand.

185 381 369 427 Σπεύδω
391 383 427 423 si
444 379 725 423 Schneiderus
750 387 861 424 recte
885 381 1044 437 judicat
1074 395 1101 424 a
1131 382 1261 425 σπεῖν
1280 381 1519 438 productum
1547 395 1657 434 esse,

187 456 227 492 et
266 448 385 502 hujus
430 459 655 489 consonam
698 447 921 490 insiticiam
963 447 1110 491 haberi
1158 453 1317 504 oportet
1359 453 1400 490 et
1439 449 1657 504 synonymi

186 515 403 571 σπέρχειν.
460 512 593 555 Prisci
622 512 686 554 illi
719 510 941 569 σφεδανός
970 520 1010 556 et
1037 511 1235 570 σφοδρός
1266 513 1362 557 hinc
1401 520 1493 558 orta
1517 521 1659 571 putant

188 579 349 623 Sch.11.
372 577 483 621 XVI.
500 579 596 621 372.
614 580 656 631 ⁸)
721 577 874 622 Ψεύόω
905 586 946 622 et
973 577 1130 636 ψύθος
1156 580 1283 622 iidem
1311 593 1402 623 cum
1427 578 1658 638 ψιθυρίζω

185 652 442 703 componunt,
474 645 581 700 quod
604 647 1002 701 onomatopoeticum
1022 659 1133 689 esse.
1189 645 1270 689 Pro
1294 642 1535 691 ἆθὲλδεται
1564 647 1660 702 διη-

184 715 350 763 θεῖται,
379 711 486 767 quod
520 712 563 753 in
594 710 751 753 Anecd.
775 710 908 754 Bekk.
941 711 1109 754 affertur
1134 711 1334 755 eDioclis
1362 712 1520 764 fabula,
1548 711 1659 755 Mei-

184 779 333 822 nekius
365 773 606 831 ἆθέλβεται
647 777 908 820 scribendum
947 780 1199 834 suspicatur,
1243 778 1319 821 sed
1346 779 1493 823 eodem
1520 785 1659 822 tamen

184 845 305 888 modo
350 850 414 887 est
455 845 500 885 in
541 841 636 884 EM.
683 838 922 887 ἅθέλδεται
966 844 1191 899 διηθεῖται
1235 843 1309 888 καὶ
1351 841 1558 901 &asty-ew
1606 845 1658 889 τὸ
1700 878 1701 881 ,

185 909 411 966 ἀμέλγειν,
449 923 555 966 quae
589 911 678 952 sine
716 909 840 952 dubio
871 911 1011 953 omnia
1041 910 1150 953 idem
1187 909 1328 953 valent
1356 910 1436 954 hoc
1466 918 1530 954 est
1554 911 1660 955 mul-

185 991 267 1033 geo
296 992 334 1021 v.
367 976 413 1019 G.
438 976 508 1018 III.
538 977 574 1031 ς.
594 977 631 1019 1.
677 971 820 1032 ³‘Ede
852 982 892 1018 et
922 974 1049 1033 ἔργον
1075 976 1257 1019 fortasse
1286 976 1391 1020 duas
1413 978 1535 1022 modo
1565 978 1659 1022 lite-

185 1058 257 1087 ras
289 1058 315 1088 a
343 1050 490 1086 natura
514 1044 781 1098 ingeneratas
808 1041 974 1094 habent,
1004 1056 1078 1085 eas
1101 1055 1208 1099 quae
1237 1044 1282 1086 in
1310 1043 1477 1101 ἐρέσσω
1505 1045 1661 1100 (agito)
1707 1044 1708 1047 ’

183 1108 406 1168 ὑπηρέτης
437 1107 593 1167 ἔριθος
621 1115 859 1165 comparent
886 1123 924 1153 v.
954 1108 1151 1165 Prolegg.
1181 1108 1277 1152 365.

299 1222 336 1276 ξ.
365 1223 406 1264 2.
465 1220 831 1272 Terminationum‚
862 1234 967 1277 quae
991 1222 1131 1266 verbis
1156 1223 1277 1265 mutis
1296 1233 1525 1266 concessae
1552 1228 1660 1273 sunt,

185 1292 449 1335 feracissima
487 1296 552 1333 est
595 1280 673 1343 ζ-ὦ,
719 1290 825 1333 adeo
865 1291 1028 1347 quidem
1071 1297 1114 1334 ut
1153 1290 1367 1348 complura
1402 1291 1660 1348 reperiantur

187 1371 294 1415 quae
326 1359 464 1401 omnia
493 1356 639 1400 eadem
660 1356 865 1400 elementa
890 1357 1071 1400 habeant
1097 1357 1309 1401 intellectu
1338 1357 1518 1409 diverso,
1547 1357 1658 1400 velut

117 1475 123 1485 x
187 1437 293 1481 quae
321 1425 452 1481 primo
495 1437 540 1466 se
572 1422 744 1466 offerunt
775 1424 888 1466 aditu
917 1422 1008 1476 ἅζω
1040 1426 1128 1468 sive
1160 1423 1325 1478 ἅζομαι
1365 1425 1591 1481 aspiratum
1619 1430 1660 1467 et

187 1492 267 1535 duo
304 1505 389 1534 non
422 1491 607 1546 aspirata
651 1485 741 1542 δίζω
783 1493 897 1533 sicco
935 1496 975 1532 et
1005 1485 1098 1543 ἄζω
1139 1489 1290 1534 anhelo
1324 1490 1438 1533 nullo
1476 1491 1584 1534 inter
1611 1503 1659 1534 se

188 1559 282 1601 soni
313 1557 530 1599 differitate
558 1557 642 1598 nisi
667 1558 897 1612 posterius,
927 1563 969 1599 ut
998 1570 1050 1600 ex
1078 1553 1199 1610 ἆάζω
1229 1563 1514 1608 contractum,
1535 1556 1663 1614 alpha

186 1624 356 1679 longum
386 1623 531 1673 hahet,
570 1622 678 1678 quod
709 1623 739 1664 ii
774 1622 1004 1666 credidisse
1031 1623 1222 1666 videntur
1261 1624 1330 1679 qui
1370 1619 1527 1676 ἆσθμα
1555 1625 1661 1667 scri-

187 1696 357 1746 pserunt
393 1703 431 1733 v.
462 1687 619 1731 Parall.
650 1687 718 1731 75.
754 1688 830 1731 sed
867 1695 1071 1745 repugnat
1102 1694 1220 1732 vetus
1258 1695 1421 1732 auctor:
1470 1686 1662 1747 Τρύφων

185 1759 235 1802 τὸ
271 1750 307 1802 ἆ
337 1756 425 1815 πρὸ
457 1760 535 1800 τοῦ
554 1749 597 1810 ἶ
618 1755 692 1800 καὶ
711 1758 968 1814 ψιλοῦσθαι
997 1757 1072 1800 καὶ
1096 1755 1398 1814 βραχύνεσθαι
1429 1753 1550 1809 ἀξιοῖ
1565 1756 1662 1801 Μο-

187 1825 371 1881 schopul.
396 1822 547 1879 Opusc.
576 1838 614 1879 p.
642 1824 710 1866 33.
753 1825 896 1877 Λάζω
927 1823 1006 1866 δύο
1036 1823 1240 1879 σημαίνει
1267 1823 1316 1867 τὸ
1348 1821 1557 1880 λαμβάνω
1587 1823 1662 1868 καὶ

187 1891 238 1935 τὸ
267 1888 430 1948 ὖβρῖζω
462 1889 605 1933 Schol.
636 1888 732 1932 Hec.
763 1889 831 1931 65.
890 1888 1042 1932 Cetera
1074 1891 1316 1934 catervatim
1345 1890 1496 1934 addam
1522 1892 1662 1946 8631111-

189 1959 287 2009 ctis,
328 1963 521 2013 quantum
555 1956 644 1999 fieri
682 1961 835 2012 potest,
872 1969 1067 1999 sonorum
1103 1957 1351 2000 naturalium
1381 1957 1660 2008 imitamentis,

187 2024 334 2079 βλάζω
365 2020 575 2078 ,ιιωραίνω
603 2021 702 2064 Hes.
731 2022 839 2077 quod
868 2021 967 2064 mihi
996 2035 1130 2078 neque
1158 2035 1249 2064 cum
1281 2020 1396 2078 βλάξ
1421 2021 1661 2077 (μαλακός)

187 2103 322 2146 neque
352 2102 441 2132 cum
475 2089 675 2131 imitativo
707 2089 853 2131 blatire
884 2089 1104 2145 quidquam
1135 2090 1371 2132 commercii
1399 2088 1555 2132 habere
1585 2089 1662 2131 sed

189 2157 297 2199 idem
336 2155 444 2211 quod
480 2150 659 2211 πλαὸᾇν
687 2154 830 2197 valere
868 2155 1029 2198 vidEtur
1061 2154 1142 2198 hoc
1180 2161 1244 2198 est
1278 2155 1442 2212 proprie
1483 2167 1660 2206 mucere,

187 2230 271 2265 tum
306 2235 380 2279 per
408 2221 716 2263 similitudinem
750 2220 927 2273 hebere,
967 2220 1171 2278 quomodo
1206 2218 1454 2276 βλαόαρός,
1489 2219 1660 2276 βλέννα,

186 2287 304 2344 μύξα
334 2295 373 2332 et
401 2288 571 2344 λέμφος
601 2287 682 2330 dici
705 2287 860 2339 solent3
890 2285 1034 2341 κλάζω
1061 2286 1110 2330 τὸ
1131 2286 1336 2341 διασχίζει)
1355 2285 1454 2330 Hes.
1484 2299 1511 2330 a
1538 2283 1659 2330 κλάω

189 2356 392 2406 fortasse,
430 2355 513 2397 nisi
551 2356 686 2410 potius
720 2353 890 2396 verbum
925 2354 1135 2397 facticium
1170 2359 1233 2397 est
1269 2353 1486 2397 stridorem
1515 2365 1659 2396 serrae

280 2555 317 2600 8)
339 2551 536 2603 “Ηρόδοτος
559 2553 598 2590 τὸ
620 2552 847 2602 θερμότερον
871 2553 1043 2591 σπεύδειν
1069 2553 1264 2600 ἀσπαίρειν
1287 2553 1359 2599 ἔφη
1383 2553 1577 2596 Eusene,
1601 2553 1657 2588 34.

190 2625 260 2657 quo
284 2613 331 2647 ad
355 2608 459 2647 σπάω
485 2617 522 2646 et
547 2608 721 2658 σφαδάζω
747 2612 947 2647 referimur.
995 2610 1052 2646 Ex
1068 2609 1190 2646 Schol.
1212 2609 1252 2644 11.
1277 2609 1341 2645 XI.
1370 2609 1444 2645 165.
1470 2607 1658 2657 σφεδανόν

187 2666 269 2704 οἷον
301 2664 555 2715 σφενδονηὸόν
583 2666 835 2715 Ἀρίσταρχος,
874 2668 1038 2704 discimus
1062 2666 1156 2703 hunc
1180 2666 1287 2702 etiam
1316 2677 1448 2703 nomen
1472 2663 1658 2714 σφενδόνη

187 2724 235 2759 ad
257 2724 350 2760 hanc
373 2724 520 2770 stirpem
544 2723 719 2760 retulisse.
