1728 3120
166 1162 170 1166 '
247 1163 417 1216 gravius
447 1162 606 1203 labores
636 1171 799 1214 puqnae
830 1160 1000 1213 bellique
1030 1171 1256 1202 aerumnae
1284 1160 1576 1214 depinqanturL
1634 1159 1692 1203 Se

242 188 334 234 166
682 177 1152 223 DlSSERTATlo
1197 178 1270 224 lx,
1625 157 1630 185 ‘

237 312 328 350 μοι,
356 294 403 335 V.
419 293 515 335 520.
545 292 855 347 ,πολειιιζέιιενι
887 288 927 334 εἰ
958 291 1101 335 δὲκαὶ
1134 287 1273 335 αὐτοί.
1318 289 1511 349 Idemque
1525 291 1639 340 Arist

241 362 341 404 chus
371 361 414 402 in
444 361 630 402 oratione
664 372 748 402 non
784 360 1041 415 interpuncta
1080 358 1306 414 spondeum
1345 360 1499 415 optavit
1535 354 1649 417 ἆγήρ

240 424 390 484 ἤματα
431 424 575 469 πάντα
612 425 801 469 scribens
838 437 912 481 pro
953 421 1148 482 ἀγήραος
1185 438 1222 468 v.
1260 423 1415 482 Spitzn.
1447 423 1546 470 Exc.
1574 424 1642 468 IV.

242 495 330 536 σῶν
356 491 539 547 ἒζιιμεναι
569 488 596 549 ἢ
625 488 885 536 ἀπολέσθαι
912 490 959 534 Il.
990 490 1020 533 I.
1053 491 1145 535 117.
1177 505 1250 548 pro
1281 489 1410 545 σόον,
1445 493 1555 549 quod
1583 493 1646 551 Ap

241 560 378 603 Ionius
408 566 471 602 ter
499 561 542 601 in
571 559 651 602 hac
680 571 828 602 versus
859 560 1030 614 regione
1061 558 1283 602 collocavit
1313 565 1352 602 et
1379 565 1443 602 ter
1461 559 1581 616 κέαρ,
1612 573 1649 617 qt

241 634 305 669 ter
337 623 449 681 βόας
489 632 530 668 ut
567 624 769 669 Homerus
808 626 897 682 ipse
937 624 1084 677 ἕλικας
1118 624 1230 680 βόας
1271 620 1611 683 εὐρυμετώπους
1637 627 1674 674 (¹

242 691 317 735 XI.
346 692 443 735 289.
475 693 549 735 sed
579 706 660 736 non
689 694 748 736 ita
777 691 825 744 H.
857 691 905 734 H.
933 693 975 734 in
1003 691 1133 735 Merc.
1164 692 1257 734 116.
1289 691 1438 744 ἕλικας
1461 695 1570 747 βοῦς
1599 687 1666 737 εἷλ

244 757 426 817 θύραζε.
484 758 527 801 In
557 759 755 803 infinitivo
784 766 922 802 tamen
951 759 1140 814 dactylus
1170 760 1229 802 ita
1251 758 1470 815 praevalet·
1491 766 1534 802 ut
1562 761 1605 802 in
1633 773 1656 818 p

245 828 323 869 mis
355 826 571 870 duodecim
598 825 744 869 Iliadis
771 826 890 868 libris
919 826 1012 882 plus
1039 839 1160 882 quam
1183 827 1481 882 quinquaginta
1504 827 1659 884 reperii

245 901 311 936 tur
339 894 541 950 exempla,
572 893 744 950 spondei
773 906 873 936 vero
902 896 971 935 vix
1003 892 1110 935 ultra
1139 892 1304 943 decem,
1334 905 1625 951 nonnunquam
1655 910 1662 936 ε

246 967 334 1003 tero
361 968 557 1017 sequente
578 960 762 1016 spondeo
783 957 956 1002 διώκειν
979 955 1256 1016 ὡρμήθησαν
1269 957 1324 1001 X.
1339 959 1436 1002 359.
1465 958 1678 1014 πολεμίζει·

247 1023 327 1070 οὐκ
358 1025 531 1071 εἴασκεν
544 1027 593 1069 V.
608 1026 704 1069 802.
736 1033 775 1068 ct
796 1032 1034 1069 constanter
1057 1025 1311 1079 πολεμίζειν
1338 1021 1418 1084 ἠδὲ
1442 1023 1667 1080 μάχεσθαι

249 1094 356 1150 quod
385 1093 629 1150 Spitznerus
667 1093 720 1135 ad
749 1091 796 1134 Il.
827 1091 877 1133 ΙΙ.
908 1093 946 1134 3.
987 1092 1037 1134 de
1075 1092 1279 1135 industria
1316 1092 1468 1136 factum
1496 1099 1612 1150 putat
1640 1107 1666 1151 q

249 1240 322 1271 cur
354 1226 504 1271 ἐλθεῖν
530 1228 706 1284 positum
741 1232 801 1268 est
831 1224 900 1267 ΙΙΙ.
929 1225 1024 1267 393.
1055 1223 1246 1268 ΙΧ.403.
1276 1224 1414 1268 XXII.
1439 1226 1535 1269 156.
1565 1225 1671 1269 XXI

248 1295 344 1337 309.
375 1301 414 1337 et
437 1295 479 1336 in
508 1293 654 1337 eadem
675 1294 846 1347 regione
870 1290 1057 1345 ἐλθέμεν
1071 1291 1139 1334 IV.
1156 1291 1252 1336 247.
1282 1291 1349 1335 Vl.
1368 1293 1461 1336 109.
1490 1291 1596 1336 VIII.
1613 1293 1697 1336 239

249 1360 449 1418 Equidem
484 1362 714 1404 censuerim
743 1366 955 1415 utramque
986 1359 1159 1402 formam
1191 1361 1250 1403 ita
1278 1359 1562 1416 pervulgatam
1590 1361 1696 1404 fuiss

248 1436 291 1472 ut
317 1435 477 1485 poetae,
508 1441 614 1484 quae
647 1440 692 1469 se
722 1428 894 1482 primum
925 1425 1154 1477 obtulisset,
1187 1439 1240 1469 ea
1268 1426 1384 1470 illico
1416 1433 1623 1470 uterentur
1652 1441 1680 1470 e:

251 1503 367 1553 cepto
387 1494 535 1538 Nonne
565 1495 634 1550 qui
649 1491 759 1535 XIV.
775 1493 870 1535 300.
903 1492 1048 1535 maluit
1074 1493 1285 1536 insolitam
1315 1493 1397 1537 sibi
1425 1493 1614 1537 infinitivi
1641 1500 1680 1537 te

250 1563 516 1605 minationem
533 1561 746 1604 admittere
764 1558 978 1616 φευγέμεν
998 1555 1026 1615 ἢ
1045 1558 1325 1613 πτολεμίζειν
1345 1573 1468 1617 quam
1486 1561 1684 1618 spondent

250 1627 338 1672 Nec
369 1628 538 1672 diversa
564 1626 661 1670 mihi
702 1626 907 1668 sententia
936 1625 986 1667 de
1015 1625 1090 1668 illo
1123 1625 1344 1670 verborum
1374 1626 1686 1686 circumflexoru

252 1709 407 1751 genere
452 1694 584 1751 quod,
629 1696 666 1736 si
709 1706 784 1749 pro
827 1691 960 1748 epsilo
1002 1693 1233 1747 primitivae
1271 1695 1491 1751 positionis
1535 1707 1560 1738 o
1598 1694 1700 1739 brev

254 1763 436 1813 asciscit,
468 1761 520 1804 ad
549 1762 734 1818 primam,
769 1762 806 1802 si
835 1759 1016 1814 longum,
1048 1759 1101 1802 ad
1129 1761 1354 1804 secundam
1385 1762 1576 1818 dirigitur
1603 1774 1708 1818 syzy

254 1831 379 1885 giam.
438 1827 484 1871 Id
512 1828 582 1870 ubi
613 1830 655 1870 in
686 1833 873 1883 quartum
901 1826 1046 1883 pedem
1075 1827 1238 1879 incidit,
1271 1835 1420 1885 poetae
1447 1827 1624 1872 liberum
1651 1827 1708 1870 ha

254 1897 350 1939 hent
370 1902 622 1951 utracunque
643 1897 686 1936 in
707 1894 843 1936 stilum
873 1894 1090 1936 incurrerit
1119 1894 1253 1938 forma
1273 1898 1507 1952 promiscue
1537 1897 1616 1938 uti:
1647 1910 1702 1938 π·

255 1962 503 2019 ριτροπέων
533 1958 731 2010 ἐνιαυτός
754 1959 800 2002 Il.
829 1959 991 2004 ll.295.
1022 1962 1351 2017 παρατροπέων
1381 1961 1561 2006 ἐπέεσσι
1589 1960 1714 2013 Quint

255 2029 286 2071 I.
307 2029 402 2071 946.
436 2034 475 2070 et
504 2023 840 2081 naQachemUo’
879 2021 1118 2081 ἄνθρωποι
1148 2025 1193 2069 Il.
1215 2025 1290 2069 IX.
1311 2027 1407 2070 946.
1443 2027 1721 2083 ἓπιτρωπᾶτ’

255 2095 474 2149 μέλεσθαι
491 2093 629 2149 Apoll.
658 2091 686 2133 l.
704 2092 799 2134 351.
830 2094 1150 2148 μετατρωπᾶτε
1171 2091 1362 2148 παρειάς
1381 2093 1449 2136 III.
1466 2093 1560 2136 298.
1593 2095 1707 2149 cujus

256 2162 367 2205 modi
407 2160 557 2210 verba,
598 2160 696 2215 quia
731 2158 838 2201 ultra
873 2171 1090 2201 caesuram
1127 2167 1344 2203 excurrunt
1382 2174 1435 2203 ne
1473 2153 1728 2216 dactylorum*

258 2229 420 2286 quidem
453 2233 659 2271 amatores
691 2226 775 2269 alio
803 2232 964 2269 vertere
996 2238 1148 2282 operae
1175 2224 1348 2278 habent3
1377 2230 1728 2285 μετατρωπῶντο

256 2294 456 2348 μενοιναί
482 2293 614 2337 Nonn.
636 2291 690 2334 X.
718 2293 786 2335 26.
820 2292 1110 2348 ἐπιτρωπιῦσι
1132 2290 1234 2350 Opp.
1254 2292 1348 2336 Hal.
1364 2292 1414 2336 Π.
1440 2295 1536 2336 223.
1565 2293 1613 2337 V.
1634 2294 1728 2337 172:

259 2358 563 2416 ἀποτρωπῶσι
596 2359 730 2411 Quint.
760 2358 866 2401 VIII.
897 2358 991 2400 390.
1009 2359 1048 2412 ⁴)
1078 2362 1440 2417 περιστρωφιῢσα
1469 2359 1728 2405 Nonn.XLI.·

349 2485 386 2531 3)
424 2486 569 2520 Pariter
595 2483 708 2519 fixum
733 2489 789 2519 est
812 2482 860 2519 τώ
885 2482 923 2517 δ’
954 2481 1020 2518 οὐκ
1044 2478 1174 2518 ἄκοντε
1197 2485 1382 2530 πετέσθην
1403 2485 1469 2520 sed
1486 2485 1579 2532 ἔχεις
1599 2483 1728 2522 ἀέκον-

259 2556 320 2582 τας
343 2542 507 2589 ἑταίρους
529 2542 568 2577 II.
595 2541 693 2576 XVI.
719 2540 797 2575 204.
819 2546 886 2574 etc.

347 2600 384 2643 4)
419 2598 530 2637 Quod
553 2599 588 2632 in
612 2598 748 2643 Phryn.
766 2596 846 2632 581.
874 2596 936 2631 ult.
957 2595 1090 2630 editum
1114 2600 1171 2630 est
1195 2598 1411 2644 τρωπᾶσθαι
1435 2600 1478 2633 in
1498 2595 1728 2647 τροπᾶασθαι

259 2659 453 2690 mutatum
478 2659 549 2696 est,
577 2667 623 2690 ex
653 2653 944 2689 antecedentibus
968 2656 1120 2698 apparet
1142 2652 1194 2686 sic
1220 2664 1242 2687 a
1259 2664 1316 2688 me
1343 2654 1514 2700 scriptum
1539 2665 1623 2689 esse
1647 2664 1728 2702 teo-⁴

261 2709 430 2746 πάασθαι
455 2714 496 2746 in
522 2713 740 2757 τρωπᾶσθαι
756 2716 823 2745 etc.
850 2709 946 2753 quod
970 2720 1041 2743 non
1066 2709 1180 2743 solum
1198 2709 1243 2743 ad
1272 2709 1486 2745 homericum
1511 2711 1628 2746 Iocum
1652 2721 1728 2757 per-

263 2767 349 2801 tinet
383 2767 447 2801 sed
484 2767 590 2802 etiam
621 2767 667 2802 ad
699 2766 869 2811 Apollon.
896 2764 957 2800 IV.
990 2764 1060 2801 165.
1096 2762 1325 2811 τροπάασθαι
1359 2764 1494 2812 Ἰήσων.
1532 2767 1728 2813 Hesychius
