1728 3120
255 203 352 248 234
674 194 1135 240 DISSERTATIO
1183 195 1293 240 XIV.

366 310 402 364 §.
431 310 471 351 2.
527 307 680 352 Eorum
708 321 814 365 quae
836 308 1006 353 lambda
1033 323 1107 367 pro
1137 309 1377 354 charactere
1404 308 1576 364 hahent,
1603 324 1692 356 snm

254 390 363 419 mam
392 375 553 419 confeci
582 377 625 419 in
652 375 846 432 Prolegg.
875 391 914 434 p.
932 376 1059 433 89.1)
1089 377 1183 421 113.
1214 378 1309 421 122.
1338 389 1445 422 nunc
1476 390 1635 434 genera
1649 380 1693 423 in

254 443 417 487 dicabo.
459 442 694 499 Paronyma
709 451 802 486 sunt
819 441 978 500 ναύτης
991 443 1216 496 ναυτίλλω,
1244 441 1377 501 ἶέγκος
1401 441 1599 501 ἅγκύλλω
1626 449 1681 490 ia

254 507 468 565 ἀγκυλόω,
499 510 608 566 quod
634 524 849 568 perperam
870 507 1043 567 ἄγκύλω
1073 511 1267 563 scribunt,
1296 506 1693 569 ὄγκοςόγκύλλομιι

251 579 278 620 i.
308 591 346 634 q.
387 573 624 633 ὀγκοῦμαι,
663 575 805 632 στόμα
849 576 1076 633 στομύλλω
1116 586 1156 622 et
1190 579 1381 636 longiore
1417 579 1589 623 circuitu
1630 575 1681 624 ἷὶτ

252 641 486 696 (ἀνεῖσθαι)
526 640 807 688 ἀτασθάλλω.
827 646 866 698 ²)
921 644 1121 690 Verbalia
1156 660 1256 691 vero
1291 642 1488 702 ὅπτομαι
1515 642 1692 691 ὄπτίλλι

252 842 356 888 siam
373 843 552 895 αἶόλλω,
581 846 758 904 στρέφω
778 845 1065 905 στρογγύλλω,
1094 847 1229 905 ψαύω
1254 845 1495 906 ψαθάλλω,
1523 846 1598 891 sed
1616 847 1687 891 no'

253 913 571 956 continuationis
594 913 734 957 latent.
791 913 915 958 Nullo
936 915 1184 960 adminiculo
1202 921 1478 960 sustentantur
1503 911 1700 959 αἰκάλλω

251 975 451 1030 ἆτάλλω,
482 976 702 1036 ἀγγέλλει),
733 979 953 1026 ὄενδίλλω.

366 1071 402 1126 §.
431 1072 470 1114 3.
528 1071 590 1115 De
620 1075 905 1117 terminatione
936 1092 1024 1118 ανω
1062 1083 1102 1118 et
1130 1091 1239 1118 αινω
1277 1075 1320 1117 in
1347 1073 1455 1118 Adn.
1486 1074 1540 1118 ad
1567 1072 1702 1117 Buttm

253 1137 322 1181 64.
342 1139 383 1191 ³)
414 1145 454 1182 et
481 1138 674 1196 Prolegg.
703 1141 770 1184 37.
804 1148 887 1185 tam
916 1143 1085 1199 copiose
1117 1141 1295 1184 disserui
1327 1147 1370 1184 ut
1401 1140 1481 1185 hoc
1508 1140 1603 1186 loco
1632 1154 1687 1185 no

252 1206 345 1262 plus
374 1205 513 1248 afferri
538 1220 712 1250 necesse
743 1209 796 1250 sit
824 1222 945 1265 quam
975 1208 1082 1265 quod
1113 1209 1167 1252 ad
1192 1209 1491 1252 accuratiorem
1518 1219 1716 1264 generum

254 1273 569 1329 descriptionem
598 1275 812 1331 pertineat.
869 1274 920 1319 Et
948 1275 1055 1318 hanc
1086 1275 1140 1318 ad
1167 1289 1253 1318 rem
1281 1282 1375 1319 utar
1405 1274 1603 1333 exemplis
1626 1274 1715 1318 illic

250 1342 497 1397 praeteritis.
563 1340 693 1384 Unum
732 1355 864 1398 genus
907 1349 971 1385 est
1013 1343 1079 1386 cui
1119 1343 1359 1399 praesentia
1403 1343 1558 1386 usitata
1601 1348 1717 1385 ante-

254 1408 422 1460 cedunt,
466 1405 692 1463 ἆμβλίσκω
736 1406 1018 1464 ἆμβλισκάνω
1061 1407 1159 1453 Sch.
1196 1409 1367 1453 Aristot.
1404 1423 1444 1467 p.
1475 1409 1570 1453 135.
1606 1408 1647 1452 b.
1674 1410 1716 1452 2.

253 1471 372 1527 αῗῖξω
403 1471 587 1527 αὖξάνω,
615 1471 856 1526 ἅλυσκάνω,
888 1473 1175 1531 αἰσθάνομαι,
1205 1473 1527 1531 ἀπεχθάνομαι,
1557 1471 1718 1533 etpura

252 1540 389 1586 ἶστάω
420 1539 581 1586 ἶστάνω
614 1540 893 1600 παριστᾶνω,
918 1541 1136 1597 πιμπλάω
1165 1540 1429 1598 πιμπλάνω,
1467 1550 1508 1586 et
1535 1556 1609 1601 per
1637 1545 1719 1587 cir-

254 1610 403 1652 cuitum
438 1607 564 1667 φλύω
595 1607 895 1667 ἕκφλυνόάνω,
925 1608 1044 1665 βλύω
1074 1610 1141 1654 vel
1169 1608 1312 1666 βλύζω
1339 1607 1582 1665 βλυστάνω,
1614 1607 1718 1655 ἅνα-

253 1673 503 1731 βλυστάνω,
541 1679 662 1734 quasi
690 1677 984 1721 intercurrente
1015 1679 1178 1721 nomine
1205 1676 1367 1722 verbali
1395 1683 1438 1720 ut
1475 1689 1502 1720 a
1527 1674 1728 1732 sszaovo'ff

253 1740 507 1797 βλαστάνει),
546 1757 779 1801 quanquam
809 1743 888 1788 hoc
924 1746 1049 1788 etiam
1084 1744 1137 1789 ad
1175 1744 1504 1802 anthypotactum
1541 1742 1717 1800 βλάστω

252 1809 402 1853 referri
437 1817 571 1866 potest
607 1818 650 1854 ut
694 1808 954 1868 ἁμαρτάνω,
1002 1809 1243 1870 ἔρυγγάνω,
1279 1808 1559 1870 ὀφλισκάνω,
1600 1812 1719 1868 cujus

251 1884 389 1920 tamen
431 1879 609 1921 aoristus
649 1874 876 1935 ιῗίφλισκον
917 1892 1000 1923 non
1040 1885 1171 1931 extat,
1213 1891 1348 1937 neque
1391 1877 1443 1922 ab
1485 1878 1717 1935 huiusmodi

253 1946 456 2000 principio
493 1946 622 2001 repeti
665 1951 799 2002 potest
834 1942 1167 2001 Ἐνριγισκάνειν
1206 1945 1402 2004 ἕνριγοῢν
1433 1944 1532 1989 Hes.
1588 1945 1717 2002 HnJus

254 2012 423 2066 generis
462 2013 668 2067 proprium
706 2017 788 2060 est,
833 2011 941 2067 quod
980 2013 1339 2069 antepenultimam
1372 2013 1539 2068 longam
1579 2012 1717 2066 habet,

253 2091 380 2135 quare
410 2077 671 2120 Ptolemaeus
696 2077 945 2121 homericum
973 2077 1147 2132 μελάνω
1175 2092 1227 2122 ex
1251 2076 1444 2132 μελαίνω
1471 2079 1623 2123 factum
1643 2094 1718 2138 pu-

253 2152 324 2188 tat.
383 2143 524 2188 Schol.
555 2144 606 2187 A.
635 2145 688 2187 ad
717 2143 763 2187 Il.
792 2143 879 2188 VII.
907 2144 975 2188 64.
1013 2143 1193 2200 μελάνει
1219 2141 1282 2197 ὡς
1309 2142 1476 2190 οἰδάνει
1503 2142 1528 2189 ὃ
1552 2144 1718 2191 'Aona-

254 2213 458 2271 λωνίτης·
498 2212 547 2258 ἐκ
584 2211 668 2270 γὰρ
696 2215 776 2257 τοῦ
813 2212 1010 2268 μελαίνει
1041 2213 1175 2273 φησὶν
1211 2213 1356 2274 ἐνδείᾳ
1382 2205 1716 2272 τοῦῗέγένετο,

348 2374 383 2419 l)
416 2374 492 2409 Pro
523 2376 656 2418 Πιῆλαι
691 2373 841 2418 αὐξῆσαι
872 2374 1070 2422 Hesychius
1099 2375 1256 2411 fortasse
1285 2378 1420 2421 Πιῆναι
1450 2374 1614 2422 scripsit,
1645 2385 1717 2420 quo

256 2432 392 2467 tollitur
414 2431 562 2466 verbum
584 2430 673 2466 illud
694 2429 844 2467 πιάλλω.

349 2499 387 2543 2)
423 2499 456 2534 A
478 2496 598 2546 μάὸος
621 2496 816 2535 Μαδάλλει
850 2501 959 2535 τίλλει
991 2499 1108 2535 ἐσθίει
1130 2499 1216 2535 Hes.
1245 2510 1395 2546 quorum
1427 2505 1612 2545 postremo
1637 2499 1719 2535 sub·

257 2557 472 2592 stituendum
495 2561 551 2591 est
573 2548 614 2595 ὗς
637 2553 721 2591 θύει
743 2556 805 2592 vel
829 2554 913 2592 εὕει.
959 2556 1059 2592 ldem
1081 2547 1203 2592 Εὗσεν
1226 2553 1402 2603 ἔμάδισεν
1426 2562 1463 2591 et
1485 2552 1631 2603 Εὕστρα
1654 2553 1718 2602 βό·

259 2618 352 2662 θρος
374 2614 414 2649 ἐν
438 2606 466 2658 ᾧ
489 2606 531 2653 ὗς
553 2610 706 2656 &domm
730 2625 797 2659 pro
824 2625 895 2659 quo
919 2613 1008 2649 EM.
1030 2613 1142 2660 magis
1165 2613 1349 2660 proprium
1372 2611 1496 2650 εῧουσι
1517 2613 1650 2660 posuit.

348 2680 385 2725 3)
415 2678 584 2728 Ὀφλὰνω
618 2681 831 2727 typothetae
857 2692 982 2718 errore
1011 2681 1180 2727 scriptum
1204 2686 1259 2716 est
1282 2692 1349 2727 pro
1376 2679 1595 2727 ὀφλισκάνω.
1640 2681 1717 2718 Pto

260 2735 401 2773 εὑδάνω
437 2738 541 2773 codd.
577 2737 762 2784 Lycophr.
795 2738 971 2784 praebent
1011 2734 1165 2783 ἔςδὺνω,
1198 2737 1295 2783 quod
1325 2736 1538 2774 Dindorfiun
1575 2738 1718 2785 probat.

259 2792 428 2839 Hesychii
447 2795 567 2840 glossa
577 2792 748 2841 Ῥίψανεν
773 2795 972 2845 ἐρῥίψανεν
995 2795 1048 2832 sic
1061 2794 1253 2832 scribenda
1275 2794 1534 2843 εεῑῬίψασκεν
1554 2796 1716 2846 ἔρῤιψεν.
