1728 3120
317 187 420 231 cst.
453 186 502 231 11.
563 186 633 230 DE
666 185 864 231 VERBIS
895 186 1268 244 DENTALIBUS.
1435 193 1537 240 227

51 301 269 358 conjuncta
297 308 410 353 sunt,
449 315 529 346 nec
573 299 790 355 σελαγίζω
820 302 1044 359 quidquam
1082 302 1164 347 sibi
1202 304 1370 362 propius
1411 303 1536 349 habet

38 377 172 431 quam
201 370 416 425 σελαγεῖν,
447 382 575 428 quare
607 376 677 413 aut
706 369 823 413 nulla
852 369 917 413 his
946 372 1154 428 primitiva
1186 372 1404 428 praestitui
1433 386 1531 431 pos-

34 443 143 493 ,Sunt
171 443 243 481 aut
270 449 325 481 ea
343 437 480 489 modo,
510 450 617 495 quae
638 436 909 481 Grammatici
931 444 1106 482 sumunt.
1163 437 1251 483 Sed
1276 446 1535 484 caeterorum

28 504 204 553 ..nullum
244 511 309 548 est
346 505 457 563 quod
494 519 579 550 non
621 518 648 549 a
675 507 841 550 nomine
882 508 1012 563 repeti
1050 506 1195 564 possit.
1255 507 1320 551 Ac
1363 509 1402 552 si
1439 509 1534 566 quis

0 569 2 571 ’
28 576 219 635 {censeat
241 572 496 617 homericum
526 570 713 628 ὀχλίζειν
744 573 796 617 ab
834 569 971 627 ὀχλέω
1000 575 1135 630 potius
1166 587 1290 631 quam
1321 575 1373 619 ab
1405 571 1536 631 ὄχλος

27 639 143 688 ¹«luci
171 647 362 699 oportere
393 641 492 698 quia
531 639 613 684 hoc
642 639 823 685 Homero
853 642 1036 697 ignotum
1067 648 1107 685 et
1136 642 1442 698 significatione
1470 645 1535 687 in-

27 710 298 755 ·,conveniens
335 709 411 761 sit,
450 708 495 752 id
531 722 617 753 non
655 708 960 753 validissimum
988 716 1069 760 est,
1106 723 1203 754 nam
1244 717 1284 755 et
1315 708 1533 769 κρόταλον

25 768 192 837 {poetae
235 776 454 828 indictum,
495 776 666 821 verbum
710 791 812 821 vero
852 776 1128 837 κροταλίζειν
1168 791 1252 822 non
1292 779 1533 823 inusitatum

24 851 122 897 2er
150 843 231 889 hoc
260 851 400 889 autem
424 858 509 888 non
537 844 700 889 crotala
728 858 894 889 movere
924 844 1133 901 significat
1163 846 1239 889 sed
1269 845 1379 889 idem
1409 854 1531 905 atque

43 915 230 970 κροτεῖν.
289 911 434 971 Neque
453 926 505 957 ex
519 920 656 956 aeta-te
678 920 890 957 auctorum
913 914 1107 956 constitui
1126 920 1262 970 potest
1283 920 1377 957 utra
1395 914 1531 958 forma

23 982 345 1039 »praecesserim
389 994 487 1024 nam
520 980 650 1026 verbo
691 981 904 1035 πολεμεῖν
934 978 1139 1023 Homerus
1175 981 1235 1023 ita
1268 994 1315 1024 se
1351 981 1532 1026 abstinet

23 1054 84 1092 rut
109 1062 162 1092 ne
187 1049 363 1093 futurum
395 1049 560 1107 quidem
577 1048 674 1092 hinc
704 1048 827 1091 ducat
844 1045 1086 1105 πολεμήσω
1117 1047 1194 1090 sed
1216 1047 1269 1090 ab
1293 1048 1379 1093 alio
1408 1063 1531 1106 prae-

20 1123 159 1160 ssente
177 1114 431 1171 πτολεμίξω
448 1123 492 1160 ut
509 1114 704 1168 ἕλελίξω,
733 1112 996 1169 πτελεμίξω.
1052 1114 1108 1158 At
1124 1114 1376 1170 μυθίζομαι
1402 1118 1529 1163 multo

20 1187 246 1244 {posterius
275 1183 353 1228 sub
376 1184 616 1242 adspectum
644 1183 758 1227 venit
787 1195 910 1240 quam
926 1182 1172 1238 μυθέομαι.
1230 1181 1386 1228 Eorum
1412 1199 1527 1239 vero,

20 1263 148 1311 Jquae
179 1251 290 1310 apud
323 1251 498 1296 eundem
527 1250 750 1296 Homerum
779 1251 985 1308 leguntur,
1014 1250 1216 1308 pleraque
1247 1254 1366 1295 metri
1395 1266 1528 1298 causa

19 1315 205 1365 rdiverse
235 1320 449 1365 declinata
486 1327 600 1364 sunt:
643 1319 817 1375 κομέειν
853 1317 1067 1373 κομίζειν,
1102 1318 1312 1372 χατέουσι
1346 1320 1527 1376 χατίζει,

19 1385 206 1447 ιῖαἶνήσω
244 1384 418 1443 αἶνίζω,
462 1383 671 1446 ἇκαχήσω
718 1382 935 1442 ἀκαχίζευ,
977 1383 1196 1443 μοχθήσω
1238 1388 1526 1442 μοχθίζοντα,

19 1453 254 1514 ῑηικανάχησε
283 1452 508 1512 κανάχιζε,
540 1453 757 1512 κονάβησε
787 1452 1011 1510 κονάβιζε,
1045 1454 1387 1510 προκαλέσσατο
1413 1473 1527 1514 προ-

19 1522 265 1578 ικαλὶζετο,
302 1520 535 1579 ὀχλεῦνται
573 1519 795 1578 ὅχλίσσειε
834 1528 875 1565 et
914 1521 1022 1578 apud
1057 1520 1286 1565 Hesiodum
1324 1519 1526 1581 ἀράβησε

16 1587 223 1650 ..ἆράβιζε
262 1597 303 1635 et
341 1588 631 1650 ἐσμαράγιζε,
674 1591 790 1646 cujus
830 1591 1011 1633 aoristus
1051 1589 1159 1646 apud
1201 1588 1425 1634 Homerum
1461 1600 1526 1636 est

16 1660 337 1716 ισμαραγῆσαι.
393 1657 658 1703 Posteriores
686 1657 767 1701 huc
787 1663 1072 1713 aggregarunt
1101 1655 1366 1712 σελαγῖζειν,
1396 1656 1525 1714 ‹3232-

16 1725 127 1781 ,ζειν
147 1727 215 1783 ¹⁰)
255 1733 295 1770 et
324 1722 637 1781 ἆβακίζεσθαι.
694 1724 801 1769 Hinc
829 1724 929 1777 illa,
969 1731 1087 1782 puto,
1126 1723 1250 1768 ducta
1281 1733 1346 1770 est
1374 1725 1524 1772 Gram-

16 1797 280 1840 maticorum
309 1795 449 1852 opinio
485 1800 633 1851 poetas
669 1792 801 1837 verba
836 1794 1151 1851 perispomena‚
1189 1793 1227 1835 si
1267 1793 1322 1837 ad
1355 1808 1522 1840 versum

14 1862 364 1907 ⁴eonciunandum
382 1875 528 1920 parum
549 1861 832 1912 succederent,
867 1868 1145 1905 commutasse
1176 1873 1268 1904 cum
1290 1861 1522 1918 harytonis.

15 1929 142 1975 {Mihi
171 1944 273 1976 vero
319 1929 426 1974 duae
467 1936 560 1973 sunt
596 1931 783 1973 rationes
820 1942 894 1973 cur
931 1929 1040 1973 hunc
1078 1927 1520 1986 paraschematismum

14 2009 117 2058 :gnon
144 2011 172 2043 a
198 1999 364 2057 poetica
391 1997 566 2042 licentia
592 1997 842 2055 profectum,
874 1997 950 2041 sed
979 2010 1071 2041 cum
1097 2010 1290 2040 sermone
1320 1999 1412 2055 ipso
1442 2012 1520 2043 na-

13 2070 117 2126 sum
145 2079 243 2110 esse
282 2071 431 2124 putem.
488 2064 631 2109 Prima
667 2072 731 2109 est
766 2065 876 2123 quod
914 2067 952 2109 si
990 2064 1094 2108 nihil
1125 2064 1239 2108 aliud
1275 2067 1358 2109 nisi
1387 2074 1518 2112 metro

24 2134 274 2179 'inservitum
304 2140 436 2185 esset,
474 2133 564 2176 alia
591 2133 884 2192 producendae
915 2133 1109 2190 syllabae
1148 2131 1317 2191 patebat
1345 2136 1416 2178 via
1449 2148 1519 2179 ex-

13 2202 210 2262 srpeditior
237 2207 308 2246 aut
339 2201 595 2257 geminanda
632 2215 820 2246 consona
859 2199 1113 2255 κανάχισσε,
1157 2199 1410 2256 κονάβισσε,
1448 2211 1519 2248 aut

23 2283 108 2328 *per
149 2267 391 2327 epenthesin
438 2267 624 2319 vocalis,
670 2267 841 2322 κομεῖει
884 2276 928 2312 ut
970 2267 1129 2312 τελείει
1173 2275 1213 2311 et
1253 2268 1431 2323 χατεύει
1475 2279 1518 2317 ut

14 2333 239 2389 ,«ἇθλεύει,
279 2348 363 2394 qua
397 2336 470 2379 via
498 2342 645 2393 poetas
675 2338 817 2393 epicos
856 2349 1064 2393 nunquam
1099 2350 1200 2380 usos
1234 2350 1330 2380 esse
1359 2340 1517 2396 reperi-

24 2416 136 2451 mus».
195 2403 344 2448 Altera
368 2403 477 2447 ratio
506 2402 614 2447 haec
647 2410 732 2454 est,
775 2404 884 2460 quod
914 2402 1117 2448 Homerus
1147 2404 1228 2448 duo
1259 2404 1393 2449 verba
1423 2409 1514 2452 sine

12 2472 118 2519 mllo
146 2473 267 2517 metri
292 2471 569 2516 emolumento
594 2471 813 2529 dupliciter
832 2470 945 2515 flexit
971 2474 1115 2525 τεῖχος
1146 2468 1333 2526 ἐτείχεον
1357 2480 1397 2517 et
1425 2478 1515 2518 τεῖ-

21 2535 106 2602 [χος
135 2536 444 2596 ἐτειχίσσαντο,
472 2553 547 2598 pro
571 2553 652 2598 quo
684 2537 962 2597 ἑτειχήσαντο
987 2538 1071 2583 dici
1099 2545 1272 2597 poterat,
1302 2540 1517 2595 ἐνδυκέως

124 2702 182 2748 10)
214 2701 317 2739 Euat.
346 2701 423 2747 143,
454 2701 507 2739 13.
541 2702 582 2738 ἐκ
616 2704 681 2739 τοῦ
715 2701 892 2750 ὀμηρικοῦ
925 2701 1082 2749 ὃχθῆσαι
1116 2703 1155 2738 τὸ
1179 2701 1280 2750 παρὰ
1309 2706 1384 2743 τοῖς
1406 2682 1513 2739 ὕστε-

26 2769 99 2810 ρον
121 2761 376 2809 προςοχθίζειν
397 2757 590 2808 παρήχθη,
616 2771 689 2806 quo
715 2758 950 2795 Alexandrini
976 2766 1141 2804 utuntur3
1177 2759 1335 2807 ὀχθίζων
1362 2766 1398 2797 et
1421 2761 1512 2798 ἑπο-

12 2810 167 2864 &mcum
191 2815 385 2864 Oppianus
409 2817 617 2865 frequentat
641 2817 724 2854 Hal.
748 2817 794 2854 V.
824 2817 898 2854 179.
923 2817 1001 2853 540.

1151 2875 1235 2919 15*
