1728 3120
317 170 421 216 GAr.
450 170 517 214 IV.
575 169 646 213 DE
676 168 875 214 VERBIS
906 169 1275 215 DENTALIBUS.
1436 174 1528 221 101

116 285 141 297 ⁴
166 298 232 331 am
263 298 474 330 sumamus
510 282 605 340 βύω
648 293 688 329 et
721 283 822 343 φύω
861 285 1188 342 significationes
1225 284 1466 330 efferciendi
1494 292 1535 330 et

130 354 228 399 andi
254 353 530 412 complexam,
558 366 729 410 quarum
762 354 987 398 similitudo
1018 360 1190 412 apparet
1219 367 1270 397 ex
1297 353 1535 398 nominibus

123 437 203 472 σα,
234 419 383 480 φύσκη
407 422 571 473 vesica,
596 420 744 472 bucca,
773 421 971 473 buccina,
1001 419 1164 476 βυλλός
1191 422 1218 464 i.
1252 435 1288 464 e.
1321 421 1536 477 βεβυσμέ-

110 504 152 543 ς,
180 488 298 534 fullo.
357 486 566 538 Βλύσσω,
606 489 716 546 quod
744 487 1053 546 Lexicographi
1087 503 1139 532 ex
1165 487 1303 533 Nonni
1334 487 1534 547 Paraphr.

72 562 86 609 J
115 592 126 611 ,
150 557 190 602 9.
221 557 316 610 (hoo
335 564 454 602 estc.
473 556 562 600 Vll.
582 557 670 610 38.)
702 556 900 612 ποταμοὶ
927 554 1194 612 βλύσσουσιν
1224 553 1378 601 ἔνθεον
1399 556 1535 616 ὕδωρ,

85 639 141 670 on
178 638 381 684 praesens
423 638 520 669 esse
565 624 640 668 sed
682 625 859 668 futurum
898 624 1117 669 ostendunt
1162 624 1294 668 verba
1330 623 1536 669 Johannis

94 692 253 748 οταμοὶ
279 692 512 753 ῥεύσουσιν
541 691 704 744 ὕδατος
736 692 908 746 ζῶντος.
967 693 1151 750 Βρύττω
1181 693 1340 745 frendo,
1369 694 1457 737 sive
1484 693 1535 736 de

45 757 344 823 pandentibus
375 761 524 805 dicitur
550 762 638 804 sive
668 760 718 803 de
749 759 1092 810 febricitantibus,
1123 762 1414 816 cognationem
1444 774 1537 804 cum

44 822 221 891 ᾅρύκω,
249 825 409 888 βρύχω,
438 826 649 885 βρυχετός
675 841 759 871 non
789 829 911 870 exuit.
968 826 1234 885 Participium
1254 826 1436 872 θύσσων
1461 842 1537 886 pro

44 895 183 941 ,ἰθύων
219 897 263 940 id
292 902 356 940 est
394 892 545 953 ὁρμῶν
572 896 766 952 scriptum
800 901 864 938 est
895 896 938 937 in
969 894 1060 938 cod.
1092 894 1196 951 Reg.
1228 893 1403 952 Oppian.
1432 894 1534 951 Cyn.

44 963 123 1023 JV.
139 963 235 1008 186.
253 965 425 1021 eJusque
439 961 559 1006 verbi
575 961 725 1006 crebra
740 962 849 1019 apud
866 961 1169 1006 Grammaticos
1185 963 1361 1006 mentio:
1377 959 1537 1006 Διόνυ-

25 1026 137 1104 {hog
149 1028 396 1090 θυστήριος
420 1029 592 1086 λέγεται
619 1025 712 1073 ἀπὸ
733 1032 812 1074 τοῦ
835 1027 1021 1074 θύσσειν
1050 1024 1076 1074 ὃ
1106 1028 1224 1074 ἔστιν
1242 1029 1384 1088 ὁρμᾷν
1400 1029 1536 1074 Cram.

23 1085 106 1167 ffl-
135 1099 233 1143 449.
266 1097 461 1143 θύσανοι
497 1093 591 1141 ἀπὸ
621 1099 699 1142 τοῦ
737 1095 997 1142 &nauscam
1026 1096 1169 1142 schol.
1198 1097 1316 1141 Pind.
1342 1096 1408 1140 w.
1439 1097 1536 1142 407.

40 1168 95 1236 με.
124 1166 320 1224 Prolegg.
351 1165 447 1210 170.
477 1164 572 1208 177.
610 1165 758 1223 quibus
786 1179 871 1209 non
899 1165 1067 1209 multum
1103 1167 1361 1210 auctoritatis
1393 1166 1538 1223 adjun-

40 1238 200 1295 gerem
227 1236 311 1279 nisi
340 1232 597 1291 subscriptor
622 1240 735 1277 esset
753 1232 988 1289 Hesychius
1011 1230 1199 1278 Θύσσων
1222 1230 1384 1290 ὁρμῶν,
1421 1231 1541 1279 Θύσ-

38 1298 184 1354 betae
211 1299 478 1353 τινάσσεται,
515 1300 798 1356 Θυσσόμεναι
826 1299 1150 1355 τινασσόμεναι,
1182 1315 1288 1359 quae
1319 1303 1459 1346 omnia
1488 1315 1541 1346 ex

90 1368 267 1416 ἶθύσσω
305 1369 534 1428 depravata
573 1382 669 1413 esse
707 1368 956 1413 Ruhnkenio
1003 1371 1199 1413 assentiri
1235 1383 1319 1413 non
1355 1383 1538 1428 possum.

19 1437 211 1503 ,ζωοῖσι-ιι
238 1440 283 1483 in
311 1437 458 1482 eodem
485 1438 660 1495 penario
690 1437 907 1482 recondita
938 1444 1031 1481 sunt
1059 1435 1294 1482 Λύσσεται
1320 1435 1539 1492 μαίνεται,

21 1500 225 1562 ξ’,ἔῑΤύσσει
255 1503 454 1555 ἱκετεύει,
490 1501 686 1549 Φλύσσει
713 1503 964 1562 ἐρυγγάνει,
997 1502 1156 1549 Ψύττει
1184 1502 1336 1555 πτύει,
1368 1519 1541 1562 quorum

20 1564 189 1685 {primo
221 1572 420 1618 adhaeret
449 1586 599 1617 nomen
629 1569 782 1624 λύσσα,
804 1574 872 1626 Η)
913 1573 1087 1615 alterum
1127 1585 1210 1616 non
1246 1572 1451 1616 dissimile
1478 1580 1542 1618 est

57 1641 274 1700 pindarico
311 1637 527 1686 ἐπέτοσσε
566 1647 606 1683 ct
645 1641 759 1698 prius
798 1641 1021 1697 propositis
1060 1636 1262 1683 ἕνθύσκω
1299 1639 1540 1696 ἐντυγχάνω

58 1717 137 1754 etc.
174 1723 214 1754 v.
254 1707 302 1752 G.
331 1707 402 1751 111.
439 1707 475 1764 §-
512 1709 552 1750 2.
591 1721 688 1751 nam
728 1707 906 1751 adeundi
949 1714 989 1750 et
1033 1706 1197 1750 obviam
1240 1707 1363 1750 eundi
1409 1708 1543 1753 verba

27 1797 29 1802 ’
57 1775 304 1826 ἱκνεῖσθαι,
337 1772 575 1830 ἀντιάζειν,
607 1772 864 1831 ἀντιβολεῖν,
897 1775 947 1818 de
974 1774 1302 1832 supplicantibus
1333 1775 1543 1830 dicuntum

59 1845 112 1890 de
140 1846 262 1889 tertio
290 1842 530 1888 Eustathius
563 1842 687 1895 1241,
718 1843 758 1886 l.
800 1842 949 1900 ὥςπερ
989 1839 1110 1886 ἀλύω
1150 1842 1225 1886 καὶ
1260 1842 1543 1901 παραγώγως

23 1910 253 1975 fristunam,
284 1909 400 1957 οὕτω
429 1909 558 1971 φλύω
590 1910 664 1955 καὶ
693 1909 894 1970 φλύσσω,
926 1908 975 1964 ἐξ
1000 1903 1052 1954 οὗ
1083 1912 1131 1954 τὸ
1160 1909 1326 1968 φλύξω,
1357 1912 1544 1970 φλυκτίς

24 1981 137 2041 -ῥκαὶ
167 1978 398 2039 οἰνόφλυξ,
438 1993 672 2037 quanquam
711 1979 818 2022 haec
857 1979 911 2022 ad
952 1977 1103 2036 φλύζω
1134 1981 1326 2023 revocari
1356 1987 1543 2037 possunt,

24 2049 175 2106 ⁴unde
198 2047 343 2093 Schol.
373 2047 514 2106 Apoll.
544 2046 575 2090 Ι.
605 2046 702 2091 275.
732 2046 974 2090 infinitivum
1005 2044 1222 2103 ἐκφλύξαι
1248 2049 1397 2104 repetit
1422 2061 1460 2091 v.
1493 2046 1540 2090 C.

20 2108 29 2139 '³
59 2117 128 2162 lv.
155 2118 191 2174 §.
215 2119 256 2161 2.
295 2115 547 2174 Ποιφύσσω
576 2122 740 2159 veteres
776 2128 802 2158 a
832 2106 991 2172 φυσάω
1028 2122 1217 2172 repetunt
1245 2122 1284 2159 et
1315 2129 1406 2159 cum
1435 2132 1544 2160 παι-

14 2211 16 2213 -
61 2183 224 2246 φάσσω
258 2191 498 2242 comparant
532 2197 571 2226 v.
602 2182 858 2227 Bachmann.
897 2183 950 2225 ad
967 2180 1088 2238 ‘Lyc.
1120 2183 1214 2226 198.
1273 2182 1335 2227 Ita
1366 2197 1392 2227 a
1420 2183 1545 2227 litera

63 2256 117 2300 ad
149 2256 314 2300 literam
350 2259 495 2298 euntes
532 2255 792 2309 pervenimus
832 2252 885 2296 ad
927 2252 1058 2296 verba
1086 2256 1130 2296 in
1167 2271 1296 2299 ωσσω
1336 2257 1544 2307 exeuntia,

12 2372 15 2376 ,
63 2337 170 2383 quae
206 2335 378 2367 numero
416 2333 553 2377 pauca
592 2328 685 2364 sunt
720 2328 760 2364 et
796 2322 839 2363 in
868 2334 944 2363 usu
983 2334 1094 2364 rara.
1153 2321 1410 2380 Theognost.
1447 2323 1544 2368 143.

61 2394 118 2439 τὰ
155 2392 231 2438 διὰ
267 2394 349 2436 τοῦ
388 2407 518 2436 ωσσω
558 2388 705 2434 πάντα
744 2390 818 2433 διὰ
856 2392 934 2434 τοῦ
967 2381 1011 2433 ’ὦ
1052 2390 1292 2450 γράφεται,
1337 2392 1544 2445 maiano),

11 2502 16 2510 ,
63 2459 244 2522 ῥώσσω·
273 2474 348 2519 pro
382 2472 463 2517 qno
494 2455 676 2502 κνώσσω
707 2458 1000 2515 reponendum.
1068 2458 1274 2518 Θριόσσει
1303 2465 1431 2521 γεννᾷ
1460 2478 1546 2520 φο-

22 2551 23 2554 “
61 2533 209 2586 βεῖιαι
237 2527 335 2572 Hes.
375 2528 485 2585 quod
528 2541 610 2571 non
647 2540 722 2570 suo
762 2526 856 2570 loco
899 2526 973 2570 sed
1019 2534 1112 2570 ante
1150 2526 1351 2586 θρώσκει
1380 2530 1545 2586 legitur,

154 2699 214 2744 44)
250 2699 372 2735 Schol.
398 2698 436 2733 11.
461 2699 543 2734 XX.
572 2699 625 2734 70.
664 2696 883 2737 ἀλύσσοντες
914 2695 1011 2744 ἄγαν
1043 2700 1266 2743 λυσσῶντες,
1302 2700 1337 2734 οἱ
1371 2698 1412 2734 δὲ
1444 2697 1546 2746 παρὰ

67 2755 132 2802 τὴν
155 2753 257 2794 ἀλύν.
306 2755 388 2792 noc
415 2756 650 2792 certissimum
677 2762 751 2800 est3
787 2756 832 2792 ad
856 2756 953 2792 illam
987 2755 1193 2802 opinionem
1227 2756 1385 2793 sortasse
1407 2756 1548 2803 aliquos

10 2828 11 2831 ¹
65 2814 235 2862 perduxit
261 2814 413 2852 verbum
438 2811 650 2851 λύσσεσθαι.
