1708 3126
235 178 238 181 ’
310 177 416 226 ΟΑΡ.
444 175 494 221 11.
553 175 626 220 DE
660 176 859 221 VERBIS
888 175 1244 222 LABIALIBUS.
1452 182 1513 227 41

16 291 141 393 ''f-“⁴
205 289 335 341 dubia
371 297 467 336 sunt
497 297 666 349 praeter
691 288 923 350 Ἐξάλφεις
957 289 1189 349 εὑρίσκεις,
1209 293 1272 343 ¹⁴)
1313 285 1451 350 ι’)’μφω
1480 298 1521 335 et

71 371 73 373 .
125 373 205 403 nm·

15 326 105 520 if
90 425 121 433 ”
109 426 597 473 Adnotamentum
657 425 752 470 Jam
784 432 826 470 ut
850 426 901 470 de
933 426 1182 470 formatione
1207 425 1357 478 dicam,
1386 426 1520 470 trihus

14 534 43 577 ⁸!
75 497 77 502 '
121 527 136 547 ‚
177 506 286 552 quae
325 495 439 539 tenui
484 494 664 551 quodam
701 495 795 538 soni
839 500 879 537 et
917 492 1238 550 significationis
1277 494 1519 538 discrimine

245 566 352 612 sunt,
381 561 554 624 γράφω,
586 558 757 620 γλάφω,
789 558 957 619 γλύφω,
987 568 1152 605 veteres
1165 559 1280 604 Eust.
1301 561 1425 614 1504,
1450 562 1518 606 19.

80 641 243 683 μιιιιιο
281 629 502 684 assignant
530 630 774 686 principium
804 626 927 685 γράω
951 629 994 671 id
1023 635 1087 672 est
1114 629 1219 672 rado
1248 628 1377 681 rod03
1408 630 1520 686 quod

68 748 74 754 ,
96 722 98 732 ι
131 695 409 754 improbabile
431 695 619 739 dixerim.
677 694 821 753 Neque
851 695 946 739 salli
968 696 1161 740 videntur
1188 697 1256 753 qui
1284 696 1407 754 δέφω
1428 711 1519 742 cum

60 814 69 820 ,
93 790 99 801 ι
167 759 318 822 διερός
341 770 585 821 comparant
608 777 839 808 consonam
863 763 1139 806 adventiciam
1157 770 1361 820 putantes.
1406 763 1520 809 Ean-

57 823 63 840 ⁴
82 842 206 888 mque
230 829 396 874 literam
418 830 560 878 dubito
591 844 646 874 an
675 830 855 887 στρέφω
882 843 967 873 non
984 831 1195 886 propriam
1222 830 1400 884 habeat3
1431 847 1520 877 mu-

15 931 16 934 η
60 917 74 950 ,¹
89 910 140 942 ur
167 903 281 942 certe
309 899 356 943 in
385 899 552 954 agnatis
583 894 778 955 στραβός
796 900 859 949 ¹⁵)
889 903 929 940 et
962 894 1158 954 στρεύγω
1188 910 1226 940 v.
1259 896 1394 941 C.111.
1424 900 1461 955 ξ.
1479 901 1518 943 l.

30 969 70 1014 ·,
92 965 272 1022 ‘tuaque
301 965 518 1009 evanescit
546 965 591 1008 in
620 963 812 1021 στέροψ,
852 962 964 1021 quod
994 963 1184 1020 equidem
1217 965 1394 1022 simplex
1422 981 1520 1011 esse

29 1025 38 1044 ⁸
72 1035 211 1077 'tuor
236 1038 282 1076 ut
297 1030 453 1089 μέροψ
481 1028 687 1090 (μορτός)
719 1044 746 1074 a
774 1031 916 1088 στέρω
941 1032 1031 1075 sive
1062 1030 1203 1088 στρέω
1234 1032 1396 1077 ductum
1427 1049 1520 1079 cum

29 1102 32 1118 ‘
97 1099 349 1145 nificatione
377 1100 475 1143 torti
511 1106 552 1143 et
584 1098 806 1151 volubilis3
854 1105 966 1143 certe
1008 1098 1182 1157 στέροψ
1219 1098 1367 1156 λιγνύς
1411 1103 1521 1161 apud

20 1272 33 1283 ⁷5
79 1248 130 1282 ἵ.
155 1236 197 1280 5.
230 1235 342 1294 quod
371 1234 581 1293 epitheton
607 1233 797 1292 pluribus
820 1233 963 1278 verbis
993 1233 1188 1291 explanat
1218 1234 1520 1292 Apolloniusl.

15 1359 18 1361 q
115 1302 315 1360 ,λιγνὺς
357 1301 642 1360 πορφυρέαις
691 1299 909 1346 ἑλίκεσσιν
948 1298 1167 1378 ἀΐσσοιισα
1203 1302 1244 1345 id
1290 1310 1354 1347 est
1390 1319 1521 1361 gyros

67 1499 91 1564 ,’
111 1502 123 1520 ’
152 1504 236 1550 hoo
264 1511 330 1548 est
359 1505 413 1548 ab
444 1517 498 1548 ea
527 1505 716 1562 corporis
733 1511 850 1562 parte
880 1505 989 1548 unde
1020 1507 1147 1549 scorti
1177 1505 1386 1562 epitheton
1414 1511 1522 1565 βορ-

36 1571 209 1630 ιρόπη
239 1572 404 1616 ductum
442 1579 518 1616 est.
578 1570 732 1614 Cetera
774 1584 919 1614 omnes
964 1571 1136 1614 eruendi
1182 1574 1307 1628 etymi
1348 1581 1523 1618 conatus

6 1650 43 1692 ’,ζ
76 1640 214 1684 udunt.
271 1637 425 1683 Eorum
456 1651 563 1696 quae
595 1639 701 1682 duas
730 1639 775 1680 in
805 1639 916 1681 exitu
947 1651 1158 1682 consonas
1187 1637 1360 1691 habent,
1397 1654 1521 1684 unum

4 1698 45 1765 ’,
65 1708 270 1766 ἐμφομαι
299 1719 352 1750 ex
380 1705 692 1764 comparatione
719 1706 900 1749 nominis
930 1707 1087 1760 μῶμος
1111 1708 1387 1763 posteriorem
1417 1708 1523 1752 foris

7 1804 11 1815 ·
68 1781 262 1821 mtam
301 1773 462 1818 habere
505 1773 739 1829 colligitur3
787 1774 970 1830 priorem
1013 1773 1188 1816 alterum
1234 1769 1370 1832 όμφω
1412 1777 1523 1820 unde

8 1823 304 1902 (pompositum
339 1838 575 1899 ποτόμφει
602 1838 838 1896 Hesychius
869 1839 1050 1898 explicat
1085 1837 1297 1898 προςόζει
1327 1849 1367 1886 et
1396 1839 1524 1902 ὀμφή

87 1910 150 1971 μή
185 1908 316 1970 πνοή.
373 1909 450 1954 His
471 1911 582 1955 enim
610 1909 773 1954 literam
803 1927 836 1966 μ
872 1910 1134 1955 extrinsecus
1151 1912 1406 1956 instnuatam
1428 1927 1525 1958 esse

27 2106 35 2115 ν
130 2085 189 2132 14)
219 2085 453 2122 Grammatici
484 2089 631 2131 etymon
667 2082 798 2118 literae
832 2082 970 2130 primae
1010 2088 1210 2120 tractantes
1243 2084 1353 2120 modo
1390 2085 1508 2134 ἄλφεῖ
1491 2101 1529 2124 ιν

7 2118 220 2192 issum-ibunt,
255 2142 368 2178 modo
391 2138 528 2189 αλφειν
552 2140 725 2187 Apollon.
751 2140 855 2187 Synt.
882 2139 909 2175 l.
934 2139 967 2175 3.
995 2152 1031 2187 p.
1061 2139 1114 2177 13.
1142 2145 1178 2176 et
1202 2141 1248 2176 al.
1276 2143 1374 2188 apud
1401 2143 1529 2180 Goett·

0 2174 119 2255 ffjlng.
142 2200 191 2237 nd
213 2199 400 2236 Theodos.
425 2198 505 2234 207.

0 2253 31 2314 f
131 2268 190 2314 15)
223 2265 411 2316 Στρεβλόν
443 2267 479 2303 οἱ
511 2266 664 2302 παλαιοὶ
701 2262 861 2312 στραβόν
891 2266 1065 2312 λέγουσιν
1102 2265 1204 2302 Eust.
1237 2265 1319 2310 206,
1353 2267 1410 2304 30.
1447 2268 1530 2305 hinc

5 2324 216 2365 {atabulus
245 2329 283 2360 et
305 2323 492 2370 stribligo,
519 2322 619 2367 quod
642 2323 679 2357 in
703 2322 824 2358 Gloss.
851 2323 1096 2369 tortiloquium
1122 2324 1325 2369 exponitur.

14 2411 29 2445 5
133 2392 192 2438 16)
223 2391 344 2428 Etiam
368 2388 528 2439 στεροπή
552 2390 631 2426 sive
656 2388 824 2438 ἀστραπή
854 2396 989 2426 tortum
1010 2391 1147 2437 aliquid
1173 2390 1380 2439 significare
1409 2393 1530 2429 decla-

3 2446 95 2507 (1582
119 2449 324 2496 Hesychius
360 2448 551 2484 vocabulis
589 2445 749 2493 σιροπή,
784 2445 926 2495 στροφή
961 2453 998 2483 et
1023 2458 1109 2497 στορ
1114 2452 1171 2484 τίοι
1207 2450 1326 2494 (quasi
1362 2452 1530 2485 stortium

8 2499 153 2581 lfflloes)
176 2518 287 2543 unum
302 2505 499 2552 subjiciens
517 2505 877 2551 interpretamentum
901 2502 1080 2553 ἀστραπή,
1109 2508 1245 2553 tyneus
1260 2511 1396 2542 vertam
1413 2519 1531 2552 quem

3 2579 11 2591 ··
6 2544 191 2627 &idm-en
215 2567 359 2600 vocant
382 2561 616 2598 Lucret.V1.
642 2561 720 2597 297.
769 2560 934 2606 Eamque
962 2562 1121 2608 speciem
1152 2563 1322 2609 exprimit
1353 2565 1532 2611 στεροπῆς

2 2606 19 2639 '
8 2621 156 2675 ,ιζῗίλικες
174 2619 309 2656 Aesch.
341 2619 468 2655 Prom.
497 2618 595 2655 1085.
630 2623 666 2653 et
690 2617 806 2667 πυρὸς
838 2616 1039 2665 βόστρυχος
1069 2619 1106 2654 id
1139 2625 1195 2654 est
1231 2619 1366 2655 fulmen
1401 2620 1531 2667 ἑλικτῷ

8 2660 238 2747 Ξῖφοστρύχῳ
266 2678 523 2727 προςεμφερές
558 2675 689 2711 Athen.
714 2676 761 2711 X.
787 2675 866 2711 453.
894 2675 939 2712 Ε.
988 2676 1040 2710 Αἱ
1065 2677 1128 2711 τοῦ
1159 2678 1303 2712 καπνοῦ
1333 2687 1529 2726 περιστρο-

6 2738 115 2852 ,ivai
139 2733 242 2784 παρὰ
267 2739 342 2776 τοῖς
363 2737 530 2779 ποιηταῖς
553 2729 737 2779 πλόκαμοι
762 2731 857 2769 Poll.
885 2731 928 2769 11.
958 2732 1014 2768 27.
1044 2729 1225 2777 πλεκτάνη
1250 2736 1394 2771 καπνοῦ
1416 2735 1527 2772 Arist.

3 2801 6 2805 ·
41 2793 134 2829 Avv.
161 2791 259 2828 1717.

4 2853 13 2875 J

7 2876 26 2922 3,

4 3038 13 3061 ..¹
18 3030 30 3051 4
