1728 3120
217 189 264 235 Ρ.
286 188 341 233 Π.
399 187 472 231 DE
498 185 809 231 NOMINIBUS
837 183 1130 230 SECUNDAE
1160 183 1380 228 DECLIN.
1449 189 1545 237 281

127 305 215 359 ξω
232 301 424 359 υπίγγος
463 288 505 346 et
541 298 722 351 σπῐνος,
763 301 830 344 cui
860 299 998 342 simile
1031 295 1189 352 πλάζω
1224 295 1406 355 (πλάνη)
1437 296 1553 343 πλά-

59 344 108 397 l
102 385 150 415 ἰ.
206 372 281 414 Πτ
307 381 473 426 semper
500 367 555 412 ad
585 366 815 424 simplicem
846 366 1049 422 redigitur
1078 366 1167 410 sive
1201 373 1366 409 tenuem
1396 363 1552 419 κόπος,

56 400 173 546 {flu
161 452 223 490 ις,
239 433 403 496 ῥύπος,
433 437 525 480 sivo
548 434 727 479 mediam
757 431 944 477 σκάπτω
977 430 1155 490 ἕσκαφα
1189 429 1367 489 σκάφος
1384 431 1480 476 ΕΜ.
1495 439 1555 477 ut

166 519 252 556 ις,
281 501 446 561 τάφος,
483 499 637 545 κύπτω
672 500 845 558 κέκυφα
875 498 1020 557 κυφός
1047 498 1163 543 Eust.
1197 499 1322 549 1431,
1348 498 1416 542 43.
1449 497 1552 556 κρύ-

67 567 69 569 ’
118 594 122 600 ·
184 568 369 628 κρυφός,
394 570 488 614 sive
517 570 644 612 etiam
674 567 796 610 medi·
789 580 853 609 im
882 563 1050 623 καλύβη
1082 565 1274 622 καλυβός
1300 566 1343 609 id
1374 574 1439 610 est
1463 584 1553 612 πα-

63 696 69 700 ,
103 634 171 690 ἀς
197 649 329 695 nuper
366 637 576 680 inventum
606 638 648 678 in
679 633 808 677 Inscr.
839 632 1130 676 Alexandrina
1155 632 1266 676 Mus.
1285 632 1416 677 Rhen.
1441 634 1549 679 Ann.

83 711 85 713 ’
181 706 304 750 ..209
348 704 438 750 Nec
463 712 600 749 manet
629 720 684 748 σσ
714 704 790 747 sed
815 703 925 747 cedit
942 704 1197 760 primitivae,
1227 715 1324 746 nam
1344 716 1370 746 a
1390 702 1550 762 πήσσω

114 771 127 788 ’
202 788 256 828 με
274 773 415 817 existit
431 772 678 829 adJectivum
699 769 845 827 πηγός
872 776 912 812 et
940 769 1240 814 substantivum
1257 767 1404 825 πάγος
1425 770 1551 828 alpha

86 880 88 882 .
166 846 251 884 oto
266 839 343 884 sed
354 852 491 895 payns
505 846 695 897 protento
714 843 726 864 ¹
741 841 780 891 ⁸)
801 834 952 880 τάσσω
974 836 1120 892 ταγός,
1150 834 1335 894 πτήσσω
1355 836 1550 882 πτώσσω

74 943 84 958 .,
122 904 238 962 ωχός
258 909 326 963 ¹⁹)
356 914 399 950 et
426 904 799 964 hyper-dissyllaba
827 901 1044 958 μειλίσσω
1080 902 1299 957 μείλιχος,
1339 901 1550 961 ταράσσω

72 986 77 987 ’
101 971 161 1012 ''so
201 990 262 1026 ος,
293 971 550 1032 φαρμάσσω
567 987 818 1032 φαρμακον,
846 967 1064 1024 μαλάσσω
1083 967 1288 1023 μαλακός
1301 976 1342 1012 et
1361 967 1551 1027 μαλάχη.

71 1091 76 1094 .
173 1051 211 1108 §.
239 1049 281 1095 4.
338 1050 459 1096 Nunc
495 1064 698 1109 exponam
743 1050 795 1093 de
838 1049 1036 1092 consonis
1072 1046 1348 1090 auxiliaribus
1384 1049 1475 1091 sive
1508 1055 1551 1090 ut

47 1115 51 1175 j
84 1120 195 1163 inus
222 1119 357 1163 latine·
380 1118 458 1163 sed
487 1117 791 1175 significantius
811 1116 948 1159 dicam
977 1114 1233 1165 formativi83
1265 1127 1439 1171 quarum
1467 1114 1548 1159 duo

45 1177 77 1246 l]
100 1198 219 1230 nera
250 1192 366 1238 sunt,
404 1199 529 1230 unum
557 1185 676 1229 verbi
712 1184 844 1241 ipsius
875 1189 1010 1226 motus
1039 1194 1194 1237 regens
1231 1188 1270 1224 et
1299 1182 1549 1234 moderans3

44 1225 75 1283 Ι
103 1259 236 1297 terum
266 1253 435 1297 aliunde
454 1259 678 1311 receptum.
736 1250 841 1294 Illuc
860 1251 1066 1307 pertinent
1093 1255 1180 1292 tres
1209 1248 1312 1292 illae
1335 1262 1548 1293 consonae

44 1318 48 1334 ‘
115 1333 169 1364 ae
196 1327 238 1364 et
264 1327 352 1364 tres
367 1320 487 1365 verbi
506 1321 668 1379 passivi
696 1330 904 1377 personas
927 1317 1251 1373 distinguunt‘et
1268 1329 1343 1374 pro
1361 1323 1549 1360 veterum

63 1389 256 1440 istrione
286 1387 436 1449 dehinc
465 1388 518 1432 ad
547 1388 718 1432 nomina
738 1385 1040 1430 conformanda
1056 1384 1382 1429 transferuntur:
1414 1387 1550 1442 τριῶν

41 1486 67 1548 5
124 1471 198 1499 ων
225 1452 394 1499 τούτων
421 1457 501 1499 τοῦ
530 1455 783 1513 βέβρωμαι,
823 1451 1075 1509 βέβρωσαι,
1114 1450 1362 1508 βέβρωται,
1393 1450 1442 1494 ἐκ
1470 1452 1551 1494 τοῦ

40 1538 61 1587 5
94 1518 242 1580 (κότου
269 1521 351 1576 μὲν
376 1520 428 1566 τὸ
462 1520 620 1580 βρώμη
650 1517 712 1572 ὠς
746 1517 921 1576 τρώμη,
961 1515 1010 1561 ἐκ
1041 1517 1249 1574 δευτέρου
1282 1517 1331 1561 δὲ
1367 1519 1550 1576 βρῶσις,

39 1590 70 1663 5·
71 1609 89 1627 ι
141 1588 191 1633 δὲ
219 1590 298 1634 τοῦ
327 1586 479 1646 τρίτου
508 1585 534 1646 ἡ
557 1585 731 1645 βρωτός
751 1585 867 1629 Eust.
888 1585 1012 1636 1653,
1033 1585 1100 1628 53.
1160 1584 1262 1627 Cum
1291 1580 1450 1641 βρώμη
1481 1597 1552 1626 ce-

138 1669 241 1714 sque
262 1655 308 1699 P.
326 1655 357 1698 Ι.
385 1654 530 1699 allatis
549 1660 781 1710 congruunt
808 1650 957 1706 θυμὸς
979 1650 1106 1708 παρὰ
1134 1649 1184 1694 τὸ
1213 1648 1316 1694 θύω
1345 1649 1395 1694 τὸ
1425 1647 1553 1708 ὁρμῶ

38 1699 88 1769 Ῐ
72 1723 163 1768 ch
186 1722 235 1766 ll.
254 1721 346 1766 XV.
371 1722 469 1766 500.
501 1729 541 1766 et
571 1722 624 1766 ab
657 1721 907 1776 homonyme
935 1718 1065 1764 verbo
1091 1715 1241 1773 θύμος
1269 1718 1359 1762 sive
1390 1714 1551 1772 θύμον,

153 1873 213 1919 18)
243 1872 378 1911 Festus
403 1877 440 1908 et
463 1872 617 1908 Servius
641 1871 689 1906 ad
712 1870 846 1917 Georg.
873 1868 918 1905 ΙΙ.
944 1867 1023 1904 382.
1053 1869 1154 1916 payi
1179 1867 1281 1903 dicti
1309 1878 1335 1902 a
1356 1865 1551 1913 fontibus,

51 1976 55 1979 ι
123 1948 164 1963 ιιι
197 1931 340 1967 eadem
368 1940 476 1976 aqua
497 1932 702 1964 uterentur
724 1927 899 1974 (pagani).
949 1924 1035 1961 sch.
1060 1925 1195 1960 Aesch.
1221 1924 1345 1960 Prom.
1369 1923 1445 1959 118.
1480 1921 1555 1959 πά-

38 1983 99 2034 P.
95 2003 127 2030 ς
159 1986 262 2038 παρὰ
292 1986 333 2024 τὸ
362 1983 575 2032 mitram-‘iac
603 1986 644 2022 ἐν
677 1984 776 2030 αὐτῷ
808 1982 851 2020 τὰ
884 1981 1002 2018 ὕδατα
1037 1978 1059 2026 ἢ
1090 1981 1151 2016 διὰ
1186 1979 1225 2016 τὸ
1263 1979 1327 2021 τὰς
1359 1978 1482 2026 πηγὰς
1513 1980 1553 2023 ἐξ

93 2044 183 2083 ’τῶν
207 2047 463 2094 κατέρχεσθαι.
511 2042 611 2081 Quid
633 2052 760 2077 verum
779 2041 825 2076 sit
848 2043 1027 2074 monstrat
1042 2036 1243 2084 Hesychius
1268 2035 1419 2083 πηγάδα
1441 2037 1553 2072 inter-

8 2127 12 2151 t
55 2120 74 2133 ιι
105 2107 211 2138 etune
240 2103 312 2148 γῆν
344 2103 559 2146 πεπηγυῖαν
592 2104 629 2134 et
658 2095 827 2146 Θρόμβος
854 2093 994 2143 ὑψηλὸς
1018 2092 1146 2139 τόπος,
1177 2091 1343 2141 Θρόμβοι
1367 2089 1461 2140 αἷμα
1484 2105 1554 2128 πε-

61 2153 100 2198 ³,
145 2178 151 2189 ι
211 2155 262 2200 ὥς
293 2160 433 2226 βου-νοΐ.
482 2155 606 2193 Schol.
643 2155 758 2201 Soph.
794 2153 924 2189 Trach.
953 2151 1031 2188 702.
1067 2148 1292 2200 θρομβώδης
1324 2151 1552 2199 ἔπῃρμένος·

9 2263 10 2266 ¹
88 2213 227 2264 ιόμβος
254 2213 331 2263 γὰρ
358 2213 378 2250 ὂ
403 2211 532 2260 ὄγκος,
566 2213 639 2248 hoc
670 2223 694 2247 a
725 2214 848 2258 τρέφω
883 2210 1025 2244 ductum
1056 2215 1095 2244 ut
1132 2220 1155 2243 a
1178 2210 1324 2255 στρέφω
1358 2204 1551 2253 σιρόμβος.

6 2278 11 2315 ἰ
51 2267 276 2331 fynonyma
297 2270 422 2317 junxit
455 2269 674 2316 Apollonius
706 2267 752 2303 ΙΙ.
778 2267 856 2303 737.
889 2268 1046 2311 πηγυλὶς
1080 2277 1166 2312 περι
1170 2267 1335 2310 τέτροφε.
1392 2263 1552 2298 Glossae

51 2326 269 2367 raecolat.
292 2337 457 2375 qrumus
479 2323 666 2372 θρόμβος,
695 2334 846 2369 quorum
871 2322 961 2357 illud
983 2322 1029 2356 de
1055 2321 1198 2357 acervis
1224 2319 1385 2366 lapidum
1409 2319 1551 2363 dieitur,

83 2398 131 2423 ··c
153 2383 335 2433 significat
360 2387 453 2430 αἱμα
477 2379 642 2428 πεπηγός
665 2386 703 2416 ut
716 2380 877 2415 Galenus
901 2379 986 2413 dicit
1008 2379 1054 2414 de
1077 2378 1156 2414 Atr.
1181 2377 1256 2413 Bil.
1277 2375 1322 2412 ΙΙ.
1343 2374 1420 2411 106.
1446 2375 1486 2410 Τ.
1504 2375 1551 2411 V.

28 2443 142 2486 ⁴sive
166 2440 292 2490 πάγον
323 2442 476 2487 αἵματος
498 2439 600 2476 Aret.
624 2438 724 2484 Sign.
750 2437 853 2472 Acut.
879 2435 925 2470 ΙΙ.
950 2435 981 2471 7.
1029 2437 1205 2483 Κροῦμαι
1226 2430 1339 2478 μύξαι
1367 2432 1457 2467 Hes.
1482 2431 1554 2466 hoc

56 2506 119 2548 est
150 2510 274 2536 mucus
307 2497 467 2544 spissus,
505 2501 721 2537 concretus,
762 2492 1014 2540 congelatique
1048 2492 1193 2533 similis3
1232 2491 1399 2537 Κρῶμαξ
1437 2486 1555 2535 σωρὸς

8 2556 12 2559 ’
39 2561 179 2595 λίθων
210 2556 260 2592 id.
294 2554 394 2602 quod
424 2553 671 2589 Doederlinus
703 2563 782 2586 cum
819 2560 963 2596 grumus
995 2549 1149 2585 confert.
1208 2547 1273 2582 His
1306 2545 1434 2581 affinia
1470 2550 1553 2581 sunt

6 2630 8 2635 ·
27 2630 29 2643 2
50 2625 168 2653 ‘cruor
192 2613 230 2649 id
255 2618 313 2648 est
337 2610 482 2658 sanguis
508 2610 718 2656 congelatus
746 2612 782 2642 et
807 2618 950 2641 cremor
973 2606 1053 2641 sive
1076 2606 1135 2640 lac
1159 2604 1362 2651 spissatum.

0 2716 1 2729 5
155 2681 212 2726 19)
241 2678 368 2726 Ῥάχος
390 2685 428 2715 et
451 2679 580 2728 ῥῆχος,
606 2688 756 2723 quorum
776 2679 945 2710 accentus
967 2673 1137 2716 fluctuat,
1163 2684 1187 2707 a
1209 2668 1367 2720 φράσσω
1389 2669 1552 2705 fortasse

0 2744 1 2747 ’
22 2741 24 2744 ’
54 2739 158 2779 ,ιιιιίο
186 2747 418 2785 synonymon
442 2733 625 2784 φραγμός.
672 2735 703 2769 Α
729 2730 880 2771 πτύσσω
906 2732 1014 2768 litera
1037 2741 1109 2767 una
1133 2729 1320 2772 detracta,
1346 2727 1463 2763 altera
1490 2726 1551 2764 ad-

12 2816 15 2823 ’
60 2797 136 2835 dita
161 2793 300 2836 πυκνός
322 2798 360 2831 ut
385 2790 469 2834 πύξ.
