1728 3120
227 207 292 254 88
673 197 1118 243 DISSERTATIO
1162 198 1230 243 lv.

229 327 433 385 βιβάζων.
501 325 680 383 Saepius
732 331 1027 369 commutantur
1057 315 1102 379 -ξ
1121 331 1161 368 et
1190 315 1253 368 ἴτ’.
1308 322 1371 368 De
1401 319 1617 369 ἔπεσθαι
1649 336 1672 369 e

232 391 465 447 διάζεσθαι
494 393 590 449 quid
621 394 674 435 sit
701 392 966 435 dubitationis
1001 392 1085 436 alio
1105 392 1199 436 loco
1231 391 1454 435 declaravi.
1511 388 1666 445 Λῦχάτ

229 477 317 503 τειν
344 456 623 517 ἀναχωρῆσαι
653 459 725 502 καὶ
761 457 812 502 τὸ
855 458 1051 512 ἐμμένειν
1078 456 1248 512 χάττειν
1275 457 1373 502 Hes.
1406 460 1476 516 qui
1509 458 1691 502 fortasse

227 540 300 584 pro
329 526 408 570 hoc
439 525 654 581 ἐγχάττειν
683 526 848 582 scripsit
875 524 954 568 hoc
983 533 1046 567 est
1066 523 1343 581 ἐγχωριάζειν
1369 525 1507 570 locum
1532 531 1689 568 tenere.

228 593 290 637 De
329 590 477 650 βράζω
515 600 554 635 et
590 590 785 649 βράττω,
833 592 940 634 unde
979 591 1092 635 fluxit
1129 592 1298 635 verbum
1337 593 1500 636 mediae
1542 593 1693 635 aetatis

229 662 432 709 braccare,
473 673 510 703 v.
553 659 606 702 ad
633 659 779 702 Buttm.
810 659 904 702 132.
945 667 985 702 et
1012 658 1296 703 Friedemann.
1337 659 1391 703 ad
1428 657 1565 703 Strab.
1594 659 1692 703 577.

229 726 315 770 Sed
345 725 463 780 ὁάζω
492 724 521 784 ἢ
550 723 698 770 ὁάσσω
730 726 782 769 ab
803 725 897 768 EM.
914 726 1010 777 249,
1040 726 1107 769 39.
1139 733 1179 769 et
1208 723 1476 780 διαδάζομαι
1501 727 1546 769 in
1563 725 1693 769 Thes.

228 795 317 836 sine
348 793 501 837 idonea
526 795 687 837 ratione
713 793 808 836 ficta
826 800 919 836 sunt
946 801 1110 851 propter
1131 790 1370 837 δάσασθαι.
1429 792 1497 836 Ab
1528 793 1692 837 aeolico

228 857 382 913 πλάζω
426 860 475 904 τὸ
521 858 706 918 πλήσσω
749 860 1015 904 Aristarchus
1060 861 1242 903 distinxit
1283 873 1494 904 commune
1537 855 1695 913 πλάζω

228 929 483 985 longitudine
515 929 705 985 syllabae
734 931 884 987 prioris
916 928 1115 973 ἐκτείνων
1149 929 1199 971 τὸ
1222 919 1266 972 ἶ
1287 928 1385 973 Sch.
1416 927 1492 973 Od.
1519 927 1568 971 V.
1597 927 1693 971 389.

227 995 355 1052 Hujus
384 1004 519 1040 tamen
547 998 627 1040 viri
655 1004 866 1054 respectus
894 1009 977 1039 non
1005 997 1215 1053 praepedit
1236 998 1451 1052 quominus
1481 1002 1693 1052 utrumque

228 1064 337 1106 idem
365 1076 458 1107 esse
487 1070 671 1120 putemus
702 1071 742 1107 et
772 1063 823 1106 ab
855 1063 1000 1107 eodem
1027 1064 1231 1120 primitivo
1261 1063 1384 1107 πέλω
1423 1062 1696 1120 (ρθ110,·πεεκ

229 1129 406 1184 λεμίζω)
443 1131 689 1181 derivatum,
734 1130 841 1173 unde
880 1127 1213 1186 τειχεσιπλήτης
1256 1129 1387 1173 dictus
1420 1129 1583 1174 videtur
1625 1129 1696 1186 qui

229 1210 367 1240 muros
397 1197 580 1254 impellit.
639 1196 726 1240 Sed
750 1195 964 1254 πλήσσειν
999 1198 1174 1254 perstitit
1202 1198 1245 1238 in
1274 1195 1575 1252 significatione
1604 1195 1696 1253 pul-

229 1264 371 1315 sandi,
401 1262 584 1317 πλάζειν
613 1271 749 1307 autem
781 1264 929 1307 dicitur
957 1276 1030 1320 pro
1062 1261 1326 1320 ἐκπλήσσειν
1354 1261 1452 1308 τινὰ
1481 1266 1562 1320 τῆς
1587 1262 1697 1306 ὁδοῦ

227 1330 295 1374 vel
323 1333 400 1374 τοῦ
440 1326 541 1374 κατ’
580 1326 722 1386 ὀρθὸν
759 1331 972 1386 λογισμοῦ
1001 1329 1173 1373 Lucian.
1214 1329 1264 1372 de
1292 1328 1420 1386 Laps.
1453 1344 1488 1374 c.
1510 1329 1576 1372 16.
1613 1342 1696 1372 uno

227 1397 355 1440 verbo
394 1397 564 1456 πλανᾷν
601 1397 670 1441 vel
709 1395 966 1453 πλαγιάζειν
1005 1397 1219 1440 detrudere
1258 1402 1378 1440 recta'
1406 1399 1573 1452 regione
1607 1398 1697 1439 viai

231 1469 270 1507 et
298 1464 475 1507 medium
514 1462 770 1517 πλάζεσθαι
806 1477 879 1520 pro
918 1464 1157 1522 delinquere
1192 1463 1272 1507 hoc
1309 1471 1372 1507 est
1403 1466 1515 1508 viam
1542 1469 1698 1506 rectam

229 1531 463 1587 relinquere
501 1544 539 1573 v.
578 1530 842 1574 Doederlein.
874 1529 974 1585 Syn.
1011 1530 1061 1573 T.
1092 1530 1142 1573 ΙΙ.
1173 1529 1267 1573 140.
1321 1530 1468 1588 quihus
1518 1529 1699 1587 applicui

231 1595 447 1642 ἆπλακεῖν
477 1598 564 1641 sive
587 1595 835 1651 ἆμπλακεῖν
859 1599 1064 1647 deerrare,
1093 1610 1260 1652 peccare
1293 1597 1347 1640 ad
1367 1597 1433 1654 Aj.
1449 1611 1500 1641 ·v.
1517 1596 1613 1640 598.
1629 1598 1697 1651 23)

171 1661 173 1663 ’
228 1665 334 1709 Huic
363 1664 510 1708 similis
541 1670 605 1706 est
634 1665 813 1707 aoristus
846 1661 1057 1716 ἔπτακον,
1087 1666 1157 1721 qui
1186 1665 1274 1707 sive
1303 1664 1356 1707 ad
1382 1662 1548 1718 πτάζω.
1566 1663 1699 1707 refer-

228 1740 305 1783 tur,
336 1732 444 1788 quod
474 1730 741 1774 Grammatici
776 1744 867 1774 cum
903 1731 1256 1788 macroparalecto
1286 1728 1442 1785 πλάζω
1473 1727 1698 1788 (πλήσσω)

232 1806 475 1857 componunt
498 1811 535 1841 v.
562 1796 829 1840 Parall.405.
856 1796 1004 1840 et408.
1026 1802 1093 1850 2⁴)
1126 1799 1214 1841 sive
1238 1797 1292 1840 ad
1316 1794 1514 1855 πτήσσω,
1543 1809 1699 1853 aequa—

230 1868 431 1910 bilitatem
463 1866 753 1910 declinationis
788 1867 943 1922 pariter
979 1869 1146 1918 transit3
1186 1880 1283 1910 nam
1319 1866 1451 1911 verba
1487 1867 1531 1909 in
1557 1857 1626 1921 ζ-ιυ
1659 1874 1700 1909 et

229 1927 324 1980 ὦῶ
355 1938 547 1980 exeuntia
571 1949 654 1979 non
687 1936 842 1979 faciunt
870 1926 945 1977 κῖν
975 1938 1152 1987 aorist03
1191 1949 1318 1992 quare
1347 1938 1390 1979 in
1415 1949 1584 1980 numero
1612 1938 1699 1979 τῶν

231 2001 545 2061 ἡμαρτημένων
575 1999 791 2058 ἀορίστων
819 2001 1051 2045 habendum
1082 2004 1158 2045 erit
1187 2010 1230 2045 ut
1259 2001 1400 2060 κρίκε,
1431 2003 1539 2060 quod
1566 2002 1698 2047 Hero-

233 2071 381 2112 dianus
414 2069 639 2113 admiratus
678 2075 741 2111 est
780 2070 883 2131 παῖ-ς
915 2066 1006 2112 ἀπὸ
1043 2072 1120 2112 τοῦ
1161 2068 1292 2125 κρίζω
1333 2066 1392 2111 ὢν
1432 2066 1456 2112 ὁ
1497 2067 1700 2126 δεύτερος

234 2136 441 2196 ἀόριστος
477 2136 693 2202 odda—5510}
730 2140 808 2180 τοῦ
852 2154 877 2192 γ
911 2136 1026 2180 ἐστὶν
1070 2134 1130 2188 ὠς
1169 2135 1335 2193 ἔστιγον
1379 2137 1466 2191 (vel
1503 2136 1698 2194 ἔστυγον)

235 2206 337 2251 οὐδὲ
375 2205 450 2250 διὰ
485 2209 563 2250 τοῦ
604 2208 630 2250 δ
669 2203 728 2257 ὡς
765 2203 959 2264 ἔφραόον
994 2205 1089 2248 ΕΜ.
1120 2205 1225 2258 538,
1255 2207 1322 2249 51.
1365 2206 1439 2250 alii
1479 2205 1600 2265 κρίγε
1631 2207 1699 2251 vel

323 2343 383 2388 23)
419 2344 486 2379 Hic
521 2343 622 2378 dictis
659 2342 752 2377 adde
777 2339 968 2387 Πλαγκτός
999 2340 1193 2389 παραπλήξ
1224 2342 1308 2378 Sch.
1333 2341 1404 2379 od.
1429 2342 1528 2379 XXI.
1553 2342 1630 2380 363.
1663 2350 1700 2380 et

234 2401 373 2446 rupium
391 2412 521 2435 nomen
544 2402 739 2445 Πλαγκταί
766 2405 801 2434 et
825 2397 1116 2444 moyyddsc——b'u
1141 2397 1336 2440 πλάζονται
1357 2396 1379 2444 ἢ
1406 2398 1479 2435 ἀπὸ
1502 2402 1566 2435 τοῦ
1588 2414 1700 2449 προς-

236 2455 465 2502 πλήσσεσθαι
488 2457 610 2496 αὐτοῖς
633 2454 675 2491 τὰ
700 2453 843 2502 κύματα
871 2455 954 2491 Sch.
983 2453 1054 2491 Οὐ.
1071 2455 1152 2491 ΧΠ.
1177 2455 1232 2490 61.
1262 2455 1432 2502 Hesychii
1455 2456 1577 2502 glossa.
1592 2461 1700 2503 Παγ-

237 2512 305 2559 γάς
327 2512 464 2554 πλάνος
488 2514 606 2548 alieno
631 2514 712 2548 loco
737 2513 858 2558 posita
891 2513 1033 2548 videtur
1059 2524 1124 2558 pro
1148 2510 1333 2558 πλαγκιάς
1356 2509 1526 2552 πλάνους.
1574 2512 1697 2550 Schol.

237 2570 342 2606 Pind.
377 2569 435 2606 Ol.
461 2570 542 2606 Vll.
568 2569 622 2606 56.
659 2568 731 2605 ἀπὸ
770 2572 832 2609 τοῦ
865 2568 1006 2613 πλάζω,
1041 2565 1060 2603 ὃ
1097 2572 1266 2615 σημαίνει
1291 2567 1328 2603 τὸ
1361 2570 1506 2614 πλανῶ,
1545 2573 1700 2604 ποιεῖται
1727 2599 1728 2615 ,

233 2626 250 2661 ὁ
273 2629 418 2672 μέλλων
441 2623 577 2671 navigem,
605 2627 698 2661 haud
721 2626 827 2661 dubie
850 2623 998 2672 πλάγξω
1019 2625 1171 2671 scripsit.
1212 2624 1397 2661 Nicander
1420 2623 1599 2672 ἐμπλάζω,
1619 2625 1699 2661 ἐπι-
1727 2624 1728 2634 ³

241 2682 360 2724 πλάζω
389 2690 425 2719 et
451 2680 670 2729 παραπλάζω
696 2683 882 2729 usurpavit
903 2693 971 2728 pro
997 2681 1129 2716 medin.

330 2740 390 2784 24)
428 2740 467 2774 ln
492 2739 687 2774 Herodiani
711 2740 793 2775 loco
818 2739 1044 2774 scribendum
1068 2743 1148 2773 erat
1171 2736 1370 2782 σημειῶδες
1393 2729 1460 2773 οὖν
1483 2735 1521 2773 τὸ
1545 2734 1701 2783 σύνηθες

242 2797 333 2831 πᾶσι
356 2793 471 2843 κράζω
485 2798 564 2831 —ei
586 2793 637 2841 μὴ
662 2791 733 2843 ἄρα
756 2798 805 2841 τῷ
832 2794 952 2844 κρώζω
978 2796 1210 2844 ῖσοχρονῆσαι
1233 2790 1426 2836 ἠθέλησαν.
