1728 3120
276 219 371 265 294
681 210 1145 255 nissmz'rA'rto
1191 187 1340 255 xvin.

278 324 453 380 κέντρον
482 333 509 364 a
538 319 654 365 κνάω
685 322 989 366 denominatum
1017 330 1102 375 est3
1131 336 1209 366 nec
1239 322 1484 367 adversatur
1513 322 1614 368 Sch.
1642 322 1712 377 1124·

274 389 371 432 220.
402 387 533 445 ξίφος
562 387 636 432 καὶ
669 389 870 446 δωρικιῦς
898 388 1059 446 σκίφης
1088 387 1213 446 παρὰ
1237 387 1288 433 τὸ
1315 388 1488 433 σκίπτω
1514 388 1690 444 (omium

276 468 372 499 nam
409 453 488 497 hoc
527 467 689 510 quoque
728 468 818 498 cum
858 452 975 497 κνάω
1014 462 1054 498 et
1095 453 1223 508 κνίζω
1263 454 1540 511 etymologiae
1579 458 1675 500 vinc

276 520 509 578 copulatum
544 526 618 562 est.
677 523 837 577 Μῆχος
869 522 1114 578 interpositu
1146 521 1364 577 gutturalis
1397 533 1425 564 a
1451 521 1625 576 μάομαι
1661 529 1698 567 tr

277 587 440 630 ductum
469 585 643 630 videtur.
701 585 763 629 Dc
792 587 962 643 liquidis
991 587 1071 631 huc
1094 589 1269 645 pertinet
1297 587 1487 638 lambda,
1516 589 1552 631 si
1582 588 1715 651 quid&

275 665 378 696 vera
415 658 479 695 est
506 651 774 696 Valckenarii
812 655 1049 708 conjectura
1083 655 1230 708 χεῖλος
1265 667 1292 697 a
1317 651 1411 708 χάω
1448 653 1518 697 hio
1557 656 1682 711 capio

273 719 383 777 χηλή
423 721 585 764 ductum
619 734 736 773 esse3
773 722 850 765 sed
887 724 1117 766 certissime
1145 713 1225 778 ἦ,
1264 722 1390 779 παρὰ
1418 721 1468 766 τὸ
1498 720 1592 779 ὁήω
1620 723 1693 782 δῆἰ

278 784 337 837 ὡς
370 784 516 844 κτήσω
554 789 708 844 κτῆνος
739 786 836 829 ΕΜ.
875 801 903 831 a
931 786 1025 832 λάω
1063 787 1306 844 (γλαύσσω)
1343 789 1499 846 γλῆνος
1520 791 1586 842 ¹⁰)
1624 790 1693 846 φλ.

276 853 465 909 φλῆνος,
505 865 532 895 a
565 852 797 897 thematicis
826 851 958 905 δάνος
986 854 1135 898 donum
1164 860 1204 897 et
1232 851 1375 909 γάνος.
1430 852 1520 899 Huc
1549 854 1693 902 accedt

277 932 553 962 consonarum
581 919 764 962 finalium
794 927 938 977 tropae
969 921 1091 964 modo
1121 920 1346 977 simplices,
1376 921 1497 965 modo
1529 934 1620 966 cum
1649 921 1704 969 al'

277 984 564 1028 affectionibus
585 985 823 1041 copulatae:
855 984 1009 1043 ψεύδω
1038 985 1182 1043 ψιῖδος
1209 986 1305 1030 ΕΜ.
1327 994 1368 1031 et
1386 985 1558 1043 ψύθος,
1589 985 1693 1043 onia(

276 1053 454 1108 στῖφος,
500 1048 637 1108 θήπω
676 1051 819 1107 τάφος
861 1053 1012 1107 Θῆβος
1051 1056 1212 1106 θαῦμα
1249 1061 1290 1098 et
1327 1051 1595 1109 θάμβοςῑῑ)
1636 1054 1710 1111 λέγ

276 1116 420 1170 λέχος,
459 1114 643 1173 ῥήγνυμι
681 1116 817 1174 ῥάκος
845 1124 885 1160 et
912 1118 1066 1175 ῥᾶχος,
1105 1118 1300 1176 πήγνυμι
1327 1117 1470 1174 πάχος
1506 1120 1694 1178 quibusct

271 1183 415 1237 juncta
451 1189 544 1224 sunt
576 1181 906 1238 πηγεσίμαλλος
943 1186 1034 1240 (pro
1065 1184 1341 1240 πηξίμαλλος
1380 1192 1422 1228 ut
1457 1187 1666 1246 ταμεσίχρ

276 1254 316 1291 et
345 1246 650 1301 παχύμαλλος,
692 1249 897 1305 Κέλυφος
931 1249 980 1292 τὸ
1015 1248 1221 1305 κάλυμμα
1262 1246 1354 1295 ἀπὸ
1391 1253 1473 1296 τοῦ
1511 1251 1705 1298 καλύπτε

279 1313 352 1357 καὶ
390 1311 528 1365 κάλυξ
553 1312 649 1356 EM.
690 1314 742 1357 cf.
771 1314 964 1371 Prolegg.
993 1317 1089 1359 296.
1148 1316 1370 1361 Consonae
1409 1317 1524 1362 finali
1559 1331 1694 1363 nonnu

276 1393 397 1437 quam
427 1380 604 1423 fulturae
633 1380 728 1424 loco
762 1384 942 1425 accessit
970 1384 1186 1427 auxiliaris
1213 1381 1295 1426 ἵκω
1324 1381 1453 1438 ἴχνος,
1482 1384 1620 1429 τέλλω
1650 1386 1698 1430 τέ

275 1451 382 1498 θος,
413 1441 505 1501 ἄγω
535 1441 692 1500 ὄχθος,
731 1445 886 1505 Σύρφη
914 1447 1117 1505 φρύγανα
1144 1449 1242 1492 Hes.
1268 1450 1376 1493 uude
1406 1449 1625 1509 συρφετός

275 1515 415 1556 cessit.
472 1512 722 1568 Paragogae
760 1513 997 1568 bisyllabae
1033 1515 1222 1573 exempla
1256 1522 1349 1559 sunt
1376 1512 1536 1570 ἷίνομαι
1563 1511 1655 1561 &rei
1712 1524 1713 1528 ’

275 1577 448 1634 σπείρω
487 1577 713 1634 σπέραδος
756 1581 822 1622 cui
861 1579 1003 1624 Schol.
1041 1580 1131 1625 Nic.
1171 1581 1251 1625 Th.
1280 1581 1376 1626 549.
1420 1582 1579 1626 confert
1620 1599 1667 1627 τε

276 1643 455 1699 τέναγος
493 1658 605 1700 aqua
649 1648 783 1689 tenuis
814 1644 906 1690 Liv.
944 1646 1012 1690 vel
1048 1650 1169 1701 qravi
1209 1662 1336 1692 coeno
1371 1657 1499 1693 tenax
1535 1648 1672 1694 Tacit.

274 1821 295 1868 ἢ
323 1827 424 1873 ξυρις
446 1825 551 1861 Paul.
575 1826 663 1872 Aeg.
677 1825 758 1860 Vll.
774 1826 806 1869 3,
830 1826 908 1861 248.
933 1826 993 1861 ubi
1016 1827 1132 1873 primo
1151 1829 1234 1863 loco
1258 1829 1358 1876 ξῦρις
1379 1829 1620 1872 scribendum,
1642 1828 1698 1878 cuj

275 1881 502 1916 accusativus
527 1887 584 1916 est
610 1882 852 1928 parisyllabus
877 1885 997 1927 myrin
1019 1883 1229 1920 Plin.XX1.
1251 1884 1308 1920 88.
1354 1884 1394 1921 ln
1413 1882 1540 1921 Orion.
1556 1883 1648 1922 Lex.
1668 1884 1686 1920 l
1708 1882 1710 1885 ’

274 1941 365 1984 ξῖρις
397 1938 458 1974 διὰ
492 1940 557 1975 τοῦ
581 1953 611 1984 ι,
647 1940 742 1980 τινὲς
771 1941 813 1976 δὲ
847 1941 908 1976 διὰ
937 1943 997 1986 τῆς
1029 1952 1081 1977 ει·
1116 1938 1196 1979 οἷον
1226 1943 1318 1990 ἔρις,
1351 1943 1473 1996 δῆρις,
1504 1936 1594 1991 ἶρις,
1629 1932 1711 1991 Elis

275 1998 380 2042 κίρις,
412 2000 531 2043 Τι’ρις,
557 1998 725 2042 exempla
752 1998 884 2033 docent
909 2000 991 2034 illos
1017 2003 1109 2045 ξῖρις
1129 2001 1345 2045 praetulisse
1370 2001 1451 2047 quia
1474 2001 1605 2036 nullum
1630 2002 1666 2036 in

274 2050 487 2095 barytonum
509 2052 730 2097 diphthongo
755 2054 941 2090 scribatur.
991 2054 1031 2089 In
1048 2054 1137 2091 ΕΜ.
1162 2056 1304 2091 additur
1327 2058 1519 2092 nonnullos
1539 2061 1633 2104 σίρις
1656 2063 1712 2104 (sc

275 2106 383 2153 σῖρις)
409 2107 608 2151 scripsisse.

369 2184 426 2228 10)
457 2184 573 2220 Nimis
604 2186 818 2231 scrupulose
841 2186 1051 2223 Eustathius
1075 2199 1110 2233 p.
1138 2188 1237 2233 1345,
1262 2190 1304 2225 5:
1326 2191 1390 2226 τοῦ
1421 2187 1556 2236 γλήνεα
1580 2194 1703 2237 ζητητέ

274 2243 343 2275 εἴτε
368 2242 499 2286 γλῆνος
533 2239 555 2284 ἦ
581 2239 709 2276 εὐθεῖα
731 2244 801 2278 εἴτε
826 2240 995 2288 γλήνειον
1018 2245 1080 2278 καὶ
1103 2245 1256 2285 ῖωνικιῦς
1276 2243 1431 2292 γλήνεον
1457 2245 1507 2286 ὥς
1529 2243 1680 2292 κῆλεον·

274 2295 313 2330 δ’
345 2293 475 2342 ὅμοιον
498 2298 664 2342 ζητητέον
686 2299 750 2332 καὶ
771 2300 858 2346 περὶ
880 2301 944 2334 τοῦ
969 2297 1091 2344 δήνεα.
1139 2301 1215 2338 Sed
1232 2301 1450 2347 Apollonius
1474 2308 1573 2337 certe
1596 2300 1663 2349 yt'
1698 2300 1700 2302 ’

274 2356 311 2385 et
335 2349 459 2396 δήνεσι
481 2353 643 2397 scripsit3
668 2352 838 2399 γλήνειον
859 2360 977 2389 autem
998 2362 1034 2390 et
1059 2354 1204 2400 δήνειον
1219 2368 1368 2402 prorsus
1388 2357 1581 2404 incognita.
1626 2359 1660 2394 R

274 2418 366 2441 vero
398 2406 441 2442 τὰ
468 2405 589 2457 φήρεα
619 2410 715 2454 apud
739 2409 994 2455 Hippocratem
1020 2412 1171 2446 Foesius
1206 2424 1274 2458 pro
1307 2410 1442 2461 φήρεια
1472 2414 1626 2459 positum
1658 2426 1696 2450 es

270 2462 421 2507 judicat.
468 2464 741 2501 Substantivum
770 2464 899 2511 κήλεον
921 2466 1128 2504 Eustathius
1160 2469 1328 2504 sumsisse
1350 2469 1492 2506 videtur
1523 2481 1568 2505 ex
1591 2470 1679 2507 Hesi

273 2530 381 2555 versu
407 2516 631 2557 κατεπύθετο
656 2518 765 2566 κη’λεα
790 2524 907 2567 νηῶν,
931 2534 1035 2568 quem
1063 2525 1165 2560 varie
1189 2525 1378 2571 corrigunt.

367 2596 424 2640 ll)
451 2597 981 2645 Sch01.0ppian.1{.l.236.
1012 2600 1157 2649 θάμβος
1184 2602 1284 2650 παρὰ
1307 2602 1347 2639 τὸ
1376 2601 1496 2644 θᾶπος
1517 2606 1679 2641 πλεονασ

273 2656 336 2690 τοῦ
359 2660 383 2699 β
416 2657 496 2699 (τοῦ
519 2659 564 2703 μ)
589 2659 651 2692 καὶ
675 2655 789 2708 τροπῆ
814 2661 877 2694 τοῦ
898 2674 927 2696 π
955 2662 1006 2701 εἷς
1028 2660 1066 2697 τὸ
1088 2676 1118 2708 μ
1143 2661 1197 2707 (τὸ
1221 2664 1259 2707 β)
1285 2674 1378 2709 quae
1401 2673 1447 2697 ex
1469 2661 1559 2699 EM.
1581 2664 1657 2707 745,

274 2714 309 2744 et
331 2709 434 2748 Eust.
459 2711 539 2755 468,
565 2712 619 2749 29.
647 2714 891 2753 emendantur
941 2716 997 2754 Ex
1022 2717 1075 2754 his
1112 2729 1184 2754 non
1211 2719 1373 2767 sequitur
1403 2720 1439 2756 iu
1469 2731 1537 2757 usu
1559 2720 1675 2758 fuisse

269 2763 398 2807 ἳάπος.
