1728 3120
378 175 482 218 cst.
514 173 584 217 111.
646 173 716 217 DE
751 173 948 218 VERssls
981 173 1033 217 {N
1070 163 1145 218 οῖ.
1419 177 1517 223 159

103 295 188 340 ἠν,
221 285 275 330 ab
293 282 389 345 ὄπή
419 288 530 330 enim
550 286 858 331 denominatum
884 295 949 330 est
977 283 1124 339 ὅπεας
1139 290 1181 342 ⁹)
1213 287 1302 330 sive
1326 283 1516 343 ὄπήτιον

111 348 135 365 ⁷
160 375 163 392 z
219 366 328 412 quae
358 355 485 398 etiam
518 352 769 412 ἢπητήριον
798 355 958 398 dicitur.
1018 354 1275 412 Appellativi
1306 351 1519 410 κὺβερνος

115 426 221 466 'res
258 428 343 465 tam
377 423 526 466 novitii
558 429 652 464 sunt
681 428 723 464 ut
749 421 920 465 verbum
960 424 1174 481 κυβερνᾷν
1200 422 1299 465 hinc
1327 427 1517 478 repetere

255 490 340 532 nisi
378 489 599 533 accederet
634 488 808 532 latinum
847 491 1088 543 qubernum.
1150 489 1441 547 Κυδοιδοπᾷν
1479 494 1519 531 et

173 558 256 600 ιεῖν
294 555 533 599 tumultuari
571 568 656 599 non
694 555 820 611 longe
860 557 1014 599 distant
1052 569 1078 599 a
1115 556 1348 600 masculino
1386 553 1520 607 κύδος

176 625 274 666 ium.
330 621 595 668 Homericum
625 623 789 667 ποσσὶν
818 622 965 680 ἐπήδα
996 626 1178 681 speciem
1206 623 1334 666 habet
1362 630 1522 678 etymo-

91 690 136 730 ’ἒτῑ
184 720 188 727 =
236 692 580 742 constructionis3
616 703 713 734 nam
744 692 967 747 conjugata
1005 691 1198 734 videntur
1231 688 1347 742 πούς
1375 704 1450 748 pes
1481 697 1522 733 et

33 786 55 840 ‘i
204 769 359 809 remus,
389 759 492 802 remi
512 765 651 801 autem
673 771 764 801 cum
791 758 967 814 pedibus
998 760 1234 816 comparari
1253 758 1401 802 solent.
1458 757 1521 800 De

1 875 4 877 ,
45 832 47 835 ’
155 822 312 884 δξερᾷν
341 831 380 868 et
401 825 648 882 quibusdam
677 825 774 868 aliis
800 825 961 868 dicetur
987 829 1028 867 in
1046 825 1309 881 Pathologia.
1369 824 1523 868 Verum

87 882 114 924 ²,
157 893 242 950 ιᾷν,
266 887 556 950 ἆρῥιχᾶσθαι,
578 893 918 949 σκορδινᾶσθαι,
936 895 1014 935 etsi
1033 905 1177 935 omnes
1198 892 1523 936 derivativorum

84 970 226 1010 301'08
253 957 422 1010 habent,
450 966 591 1003 tamen
621 959 728 1002 unde
759 959 948 1002 derivata
977 960 1130 1002 sintne
1158 961 1398 1015 conjectura
1429 961 1523 1016 qui-

76 1024 78 1030 ’
111 1049 113 1062 2
154 1027 325 1082 assequi
357 1039 592 1084 possumus.
651 1025 817 1070 Interim
848 1026 955 1070 haec
983 1026 1110 1082 longe
1141 1033 1390 1084 superantur
1417 1026 1524 1070 mul-

45 1113 48 1116 *
89 1091 394 1144 diueeorum,
438 1107 612 1151 quorum
641 1094 762 1148 origo
786 1089 872 1136 ‘aut
900 1095 942 1136 in
979 1101 1121 1151 aperto
1160 1096 1298 1152 posita
1338 1102 1408 1138 aut
1438 1109 1523 1138 non

103 1179 109 1194 ·-
143 1158 394 1203 abscondita
421 1167 507 1212 est,
547 1160 766 1204 dummodo
802 1174 856 1204 ne
887 1162 981 1218 quis
1017 1161 1198 1219 postulet
1230 1168 1273 1205 ut
1300 1176 1524 1220 paragoga

94 1225 392 1271 ⁴<·simillimam
421 1227 640 1284 primitivis
671 1228 1018 1284 significationem
1053 1236 1122 1273 aut
1159 1237 1353 1274 auctores
1385 1237 1524 1274 aetate

29 1268 58 1374 ff
90 1340 102 1350 f
123 1304 251 1338 ares
287 1292 485 1338 habeant.
552 1294 626 1337 Me
660 1296 826 1353 quidem
863 1295 971 1340 haec
1008 1297 1162 1353 religio
1192 1311 1277 1341 non
1316 1297 1525 1342 absterret

31 1406 70 1441 *t*
101 1362 251 1406 ninus
288 1361 422 1406 verba
459 1361 676 1407 homerica
714 1366 896 1423 φοιτᾷν,
936 1365 1116 1424 λικμᾷν,
1151 1366 1307 1424 συλᾷν,
1344 1365 1526 1426 ἕρευνᾷν

27 1424 62 1505 {40
91 1428 330 1476 ominibus
354 1435 448 1473 orta
477 1442 695 1482 censeam,
735 1445 843 1488 quae
873 1445 1008 1489 neque
1038 1432 1111 1476 ille
1151 1433 1407 1477 carminibus
1438 1435 1528 1477 suis

78 1492 82 1502 ‘
112 1497 208 1541 ruit
243 1508 379 1554 neque
420 1497 491 1554 qui
527 1509 621 1540 eum
661 1499 706 1541 in
743 1499 951 1556 poetando
983 1501 1169 1556 proxime
1211 1507 1410 1557 sequutus
1449 1508 1526 1552 est,

78 1567 82 1573 '
139 1565 312 1620 cognita
340 1563 486 1607 habuit
510 1564 693 1609 sortasse
724 1574 794 1610 aut
827 1568 1081 1623 cogitatione
1109 1569 1335 1625 praecepit.
1394 1568 1458 1612 Ac
1489 1571 1527 1612 si

38 1630 373 1690 ροκέλαινος,
413 1628 703 1690 ἆῤῥενοκυής,
742 1631 1024 1690 διχοστάτης,
1065 1632 1319 1691 λοξόπορος
1348 1648 1375 1678 a
1411 1636 1528 1680 nullo

45 1725 63 1749 ;
81 1706 191 1744 acce
220 1698 477 1756 loquentium
505 1698 672 1755 prolata
692 1707 798 1751 sunt,
825 1702 918 1757 quis
948 1700 1043 1744 ideo
1075 1701 1231 1744 dubitet
1256 1704 1352 1758 quin
1384 1703 1530 1747 oblata

44 1766 54 1774 '
75 1786 90 1804 ⁴
123 1784 128 1804 ι
152 1767 262 1810 ione
290 1764 423 1810 verba
451 1764 547 1809 ficta
577 1767 660 1809 sint
690 1766 762 1828 his
787 1769 1108 1812 convenientia?
1149 1768 1308 1812 Eadem
1339 1778 1402 1813 est
1432 1784 1530 1814 sen-

28 1543 48 1579 3

28 1604 49 1627 ἵ

26 1761 33 1783 i

137 1845 166 1877 a
205 1832 258 1876 de
300 1832 632 1889 significatione3
670 1847 767 1877 nam
808 1837 1001 1893 θυμιᾷν,
1040 1839 1230 1895 σπαθᾷν
1266 1837 1527 1894 (prodigere)

111 1902 330 1944 υκᾶσθαι
361 1901 502 1958 specie
532 1902 722 1957 proxima
750 1909 844 1944 sunt
879 1902 1115 1946 nominibus
1142 1901 1311 1958 θύμος,
1353 1903 1528 1962 σπάθη,

26 1947 47 2014 ll
76 1962 77 1966 ’
101 1967 185 2025 pv}
211 1967 287 2011 sed
310 1980 356 2010 re
385 1974 617 2023 congruunt
641 1981 733 2012 cum
762 1968 1056 2013 remotioribus
1075 1967 1205 2013 θύειν
1229 1971 1383 2023 suffire,
1411 1976 1532 2032 σπᾷν

25 2010 69 2084 Ϊ
105 2033 272 2079 trabere
303 2035 393 2088 sive
422 2035 653 2092 dissipare,
689 2035 949 2093 μηρύεσθαι
980 2043 1057 2099 etc.
1117 2035 1260 2094 Itaque
1293 2040 1418 2082 etiam
1449 2056 1531 2083 πε-

24 2078 49 2128 μ’
91 2102 172 2161 κᾷν
204 2101 554 2158 significationem
581 2102 708 2147 habet
747 2117 775 2147 a
804 2103 994 2155 πέλεκυς
1024 2112 1259 2162 acceptam,
1299 2105 1472 2150 sormam
1506 2121 1533 2150 a

28 2202 63 2229 μ,
91 2169 229 2214 lexov
255 2169 524 2224 (πέλεκκον).

30 2236 39 2257 ⁴
66 2254 70 2263 ,

31 2297 39 2319 r

642 2314 674 2357 (l
691 2315 731 2358 A
745 2315 790 2358 P.
838 2314 906 2358 111.

988 2408 1074 2416 ———-

38 2368 69 2495 {-
483 2421 576 2468 De
621 2420 840 2469 verbis
884 2420 949 2469 in
996 2440 1081 2471 ow.

47 2499 60 2525 <

41 2583 46 2591 ⁴.
157 2529 331 2576 Tertiae
353 2545 516 2589 quoque
537 2534 845 2589 conjugationis
864 2532 996 2577 verba
1024 2534 1224 2592 pleraque
1246 2548 1272 2579 a
1298 2539 1535 2583 nominibus

32 2628 33 2633 =
66 2655 69 2658 Α
102 2605 172 2644 cta
200 2606 308 2643 sunt.
367 2599 406 2642 A
435 2599 681 2644 masculinis
720 2608 859 2644 tamen
897 2601 1056 2658 primae
1095 2601 1389 2649 declinationis
1427 2621 1536 2664 quae

62 2724 69 2750 ιζ
136 2713 175 2759 9)
209 2713 291 2750 Hoc
314 2709 432 2762 ὅπεαρ
455 2714 687 2750 scribendum
715 2714 822 2750 suerit
847 2711 1055 2769 ffifiwsap,
1081 2717 1234 2766 δέλεαρ,
1260 2719 1436 2765 siquidem
1464 2721 1535 2757 He-

127 2784 220 2810 anus
244 2787 283 2810 π.
310 2777 411 2811 Moy.
436 2773 493 2809 30.
517 2774 633 2810 solum
657 2777 766 2822 κρέας
790 2774 826 2808 in
852 2787 913 2815 εας
937 2775 1038 2811 exire
1065 2775 1162 2812 dicit.
