1708 3126
191 209 254 253 44
638 197 1107 243 DISSERTATIO
1151 199 1201 242 11.

191 313 427 372 ἆνερεῖψαι
447 314 515 365 ²⁰)
556 311 775 354 sustollere
807 317 848 353 et
877 312 919 353 in
950 311 1075 354 altum
1103 311 1258 355 levare.
1315 309 1498 354 Duarum
1528 311 1658 367 sylla-‘4

189 383 333 425 barum
362 391 572 421 numerum
602 390 708 433 quae
739 376 1015 432 egrediuntur,
1050 385 1118 421 aut
1147 391 1366 435 paragoge.
1394 383 1487 421 sunt
1515 384 1558 420 ut
1580 382 1659 431 xor-⁴³.

191 447 336 492 λέπτω
366 452 405 488 et
435 445 522 487 alia
551 458 656 500 quae
687 446 730 486 in
756 443 855 486 libri
883 444 1054 487 secundi
1083 452 1198 502 parte
1229 445 1363 489 altera
1388 445 1661 503 proferentum

192 521 259 557 aut
290 513 432 569 aliqua
465 511 682 554 affectione
724 517 935 561 contacta,
981 519 1050 554 aut
1086 513 1128 554 in
1166 514 1365 564 utramvis
1402 518 1560 569 partem
1597 513 1689 556 1η--Υ

191 581 359 624 clinata.
429 577 491 621 Ita
530 575 676 620 ἶάπτω
716 575 858 620 Schol.
895 577 1030 620 Prom.
1068 578 1164 621 365.
1201 592 1251 622 ex
1292 577 1410 622 ἵπτω
1446 577 1689 630 dilatatum⁴

190 653 333 691 censet
366 652 405 688 et
439 658 490 687 ex
524 643 589 685 his
620 642 896 686 Doederlinus
928 642 1085 699 Synon.
1116 643 1167 687 T.
1198 644 1245 687 V.
1267 646 1335 688 63.
1367 647 1449 688 icio
1482 650 1523 688 et
1543 644 1664 699 jacio

188 721 288 757 nata
306 718 429 770 putat,
460 710 533 754 sed
554 723 627 766 pro
656 709 895 753 diversitate
914 711 1230 765 significationis
1259 712 1369 755 idem
1388 717 1428 755 et
1457 711 1512 755 ad
1531 709 1691 754 ἅπτεαι

188 781 347 824 traduci
387 784 520 835 potest
555 790 593 820 v.
635 777 688 818 ad
727 776 792 831 Aj.
833 791 869 820 v.
903 777 998 819 700.
1034 784 1073 820 et
1110 778 1164 820 ad
1200 775 1256 821 ἵω
1293 776 1393 834 ιἠμι
1429 783 1474 821 ut
1506 767 1666 820 ι’άλλω.

189 846 277 889 Nec
293 845 459 888 dubium
479 843 575 899 quin
606 839 816 885 κολάπτω
837 845 1080 900 principium
1103 844 1295 887 habuerit
1314 842 1661 899 monosyllabum,
1686 870 1690 871 ν

189 915 277 956 sive
308 911 352 954 id
386 910 536 953 κόπτω
567 909 654 959 suit,
684 909 791 951 unde
822 908 1021 967 κόλαφος
1049 925 1087 954 v.
1104 908 1298 967 Prolegg.
1313 911 1410 953 292.
1442 911 1530 954 sive
1557 907 1662 964 illud
1682 939 1697 973 .;

190 993 241 1022 ex
269 991 349 1034 quo
380 977 528 1026 κοῖλος
556 973 762 1019 κοιλαίνω
793 977 966 1019 coelum.
1026 976 1074 1020 Si
1106 975 1253 1034 ἓρέφω
1283 977 1446 1034 epsilon
1473 975 1672 1034 promite-³
1698 982 1699 1023 j

188 1047 301 1089 ticon
328 1043 484 1086 habere
519 1042 777 1093 conceditur,
819 1043 869 1086 de
907 1056 1135 1099 synonymo
1175 1043 1347 1102 ἐρέπτω
1381 1046 1556 1097 siremps
1594 1043 1694 1084 ἶσαι

189 1119 296 1162 esto‚·
338 1110 510 1153 alterum
558 1105 728 1164 ἔρέπτω
750 1111 818 1162 ²¹)
861 1122 987 1166 carpo
1027 1117 1119 1153 sunt
1159 1111 1229 1166 qui
1267 1123 1356 1153 cum
1393 1107 1585 1168 ἆρπάζω
1621 1114 1662 1152 et

189 1178 441 1234 germanicis
476 1178 613 1231 raffen
639 1178 791 1231 rupfen
815 1184 1032 1232 cognatum
1063 1178 1317 1228 existiment3
1358 1183 1399 1220 et
1426 1175 1506 1220 huc
1535 1176 1678 1218 etiam'¹
1702 1202 1703 1206 =

191 1244 334 1288 Schol.
353 1243 400 1286 Il.
424 1241 523 1286 XX.
539 1243 634 1285 234.
666 1245 863 1286 aoristum
894 1240 1226 1300 ἇνερείψασθαι
1254 1243 1436 1286 referunt
1460 1241 1677 1300 probante

191 1311 393 1354 Matthiae
421 1309 600 1352 Gramm.
634 1309 663 1351 I.
695 1310 791 1353 579.
849 1309 1073 1366 Epenthesi
1112 1309 1322 1365 syllabica
1351 1310 1533 1353 adaucta
1568 1314 1662 1352 sunt
1707 1313 1708 1318 ’

189 1376 411 1434 σκηνίπτω
440 1390 514 1433 pro
544 1375 759 1427 σκνίπτω,
789 1382 829 1420 et
858 1375 1087 1434 σκηρίπτω
1121 1390 1195 1433 pro
1224 1374 1428 1433 σκήπτω,
1454 1374 1683 1434 prosthesis.

187 1457 288 1487 vero
318 1439 498 1486 ὀλόπτω
528 1456 601 1499 pro
633 1442 767 1486 λέπω.
826 1442 953 1485 Verbi
980 1441 1190 1486 καλύπτω
1223 1445 1346 1500 stirps
1379 1443 1567 1487 relucere
1597 1443 1663 1486 vi·
1683 1471 1708 1501 3

190 1511 308 1553 detur
336 1523 387 1552 ex
414 1509 611 1552 adverbio
641 1509 765 1551 calim
793 1510 880 1552 sive
908 1509 1016 1551 clam
1042 1516 1082 1552 et
1109 1509 1236 1552 verbo
1267 1510 1421 1561 celare,
1449 1522 1528 1552 nec
1557 1508 1662 1552 mul·

188 1583 271 1619 tum
301 1575 491 1618 differunt
523 1573 671 1626 κάλυξ,
703 1574 894 1632 κέλυφος
923 1582 962 1618 et
992 1575 1100 1631 quod
1129 1574 1271 1618 Schol.
1301 1576 1430 1619 Arist.
1458 1574 1564 1618 Plut.
1591 1567 1684 1618 27.v

188 1643 353 1698 subjicit
397 1641 586 1698 κλέπτης
623 1638 715 1684 ἀπὸ
752 1643 831 1684 τοῦ
870 1638 1079 1684 καλύπτω
1119 1640 1489 1697 ἐτυμολογεῖσθαι
1526 1642 1689 1689 δοκεῖ.

190 1709 426 1764 Paragogis
459 1708 721 1750 adnumerari
760 1713 918 1764 oportet
956 1704 1212 1757 σκολύπτω,
1255 1709 1294 1751 si
1325 1721 1352 1752 a
1386 1706 1545 1752 σκόλον
1572 1709 1662 1752 sive

191 1777 350 1819 σκῦλον
389 1775 616 1817 derivatum
656 1781 741 1825 est3
784 1780 827 1816 ut
863 1775 907 1815 in
940 1772 1042 1815 Lex.
1072 1773 1190 1816 Rhet.
1234 1787 1298 1832 ap.
1336 1773 1451 1818 Eust.
1487 1774 1592 1834 952,
1620 1774 1662 1819 9.
1706 1823 1708 1825 ,

189 1843 359 1884 dicitur:
389 1838 651 1884 σκολύπτειν
679 1840 728 1884 τὸ
755 1836 965 1896 ἀφαιρεῖν
987 1838 1038 1883 τὸ
1059 1839 1209 1896 δέρμα,
1239 1855 1318 1885 nec
1342 1842 1464 1885 aliter
1481 1835 1663 1886 staufen·
1690 1855 1692 1860 ·

191 1908 286 1951 dum
317 1909 355 1950 si
387 1920 413 1949 a
449 1903 581 1956 κόλος
620 1912 660 1948 et
694 1903 916 1956 κολούειν,
958 1920 1037 1962 quo
1071 1907 1200 1950 verbo
1239 1906 1472 1964 Hesychius
1506 1910 1550 1952 in
1585 1908 1661 1953 illo

190 1972 500 2031 interpretando
525 1973 659 2015 utitur.
717 1971 764 2014 In
793 1970 883 2015 Nic.
914 1971 1039 2015 Ther.
1071 1973 1168 2016 229.
1199 1973 1270 2016 ubi
1299 1975 1349 2018 de
1379 1982 1568 2033 serpente
1597 1975 1662 2019 lo-

189 2042 325 2097 quitur
352 2036 528 2096 γλώσσῃ
558 2035 775 2092 λιχμάζων
803 2035 957 2094 νεάτην
985 2037 1292 2090 σκωλύπτεται
1315 2038 1462 2099 οῧρήν,
1496 2041 1662 2098 planius
1688 2035 1697 2095 s

190 2114 254 2151 est
288 2106 396 2163 quod
422 2104 563 2148 Schol.
596 2104 635 2146 h.
665 2104 694 2147 l.
734 2107 926 2161 scriptum
959 2107 1115 2149 invenit
1149 2106 1410 2152 σκωλίνεται
1446 2117 1662 2159 curvatur,

190 2174 267 2217 sed
297 2174 350 2216 ad
381 2171 622 2226 analogiam
655 2172 1004 2215 accommodatius
1032 2173 1139 2216 foret
1169 2171 1466 2220 σκολιαίνεται
1504 2189 1531 2220 a
1560 2192 1665 2221 σκο-
1696 2195 1708 2210 ··-

189 2238 285 2292 λιός
311 2240 475 2282 ductum
506 2245 549 2280 ut
577 2236 914 2289 πελιαίνεσθαι,
945 2235 1248 2295 ὠριαίνεσθαι.

298 2320 762 2362 Adnotamentum.
820 2317 1004 2361 Literam
1035 2309 1072 2362 ἶ
1105 2326 1271 2377 praeter
1298 2320 1452 2364 πίπτω
1489 2323 1664 2365 ascitam
1699 2310 1702 2319 ἶ

187 2387 340 2430 habent
364 2386 503 2428 omnia
527 2398 696 2440 quorum
725 2387 927 2441 originem
949 2386 1210 2442 aliquatenus
1224 2388 1509 2444 perspicimus,
1538 2402 1662 2432 unum

186 2453 349 2496 mediae
380 2451 635 2506 subJunctam
650 2450 849 2506 βλάπτει),
881 2459 1021 2496 cetera
1037 2455 1151 2496 tenui
1174 2453 1241 2496 vel
1269 2455 1480 2510 aspiratae
1499 2461 1542 2497 ut
1565 2454 1662 2499 κλέ-

187 2536 310 2568 πτω,
352 2518 549 2576 δρέπτω,
591 2516 736 2561 dmm.
804 2518 896 2563 Duo
938 2527 1073 2563 autem
1108 2533 1199 2562 cum
1237 2533 1288 2563 eo
1325 2521 1434 2576 quod
1475 2533 1662 2565 consona

278 2666 339 2710 20)
377 2666 415 2700 ¹¹¹
453 2664 569 2712 orph·
612 2666 695 2711 Arg·
733 2665 812 2700 29⁵2·
853 2665 963 2706 ξυνὸν
1001 2665 1255 2714 ἆνηθὲίψασθε
1301 2663 1418 2704 πόνον
1453 2668 1578 2705 nescio
1615 2678 1708 2703 an

190 2724 447 2772 ἀναῤῥίψασθε
474 2722 703 2758 scribendum
731 2722 786 2757 sit.
1704 2730 1708 2742 1

281 2778 342 2821 21)
375 2779 503 2814 Activa
526 2778 644 2814 forma
668 2778 805 2824 ἐρέπτω
830 2790 913 2815 usus
942 2784 995 2816 est
1021 2778 1174 2815 Nomius
1199 2777 1278 2815 XL.
1303 2777 1382 2815 306.
