1728 3120
235 178 338 223 CAP.
370 177 437 221 lv.
495 176 567 220 DE
603 176 801 221 VERBIS
838 174 1209 221 DENTALIBUS.
1399 178 1463 225 83

45 317 112 355 301
131 295 323 352 φορεῖν,
364 299 408 336 ut
436 291 566 348 aliqui
592 291 778 340 tradunt,
809 289 1079 347 significavit,
1119 290 1174 334 ad
1203 288 1286 334 οἴω
1315 287 1462 347 (οἴσω)

19 361 248 433 ²-··ndum
288 367 352 405 est
394 361 581 418 quamvis
616 359 780 403 diverse
812 359 1062 402 declinatum
1097 356 1312 411 ἓόύςοιξα.
1369 357 1465 402 Jam

16 404 23 448 Ι
46 422 93 461 ’Ὗ
116 435 248 474 restat
276 435 442 487 praeter
475 425 658 486 κρούζω,
688 427 797 485 quod
826 425 921 470 EM.
954 426 1051 478 541,
1082 426 1150 470 47.
1182 439 1235 470 ex
1264 423 1465 484 κροβύζω

16 475 23 510 ¹
48 495 174 541 “>“ιιεο
205 496 334 541 refert
362 502 522 540 exemto
550 495 670 546 heta,
705 495 781 539 sed
815 502 964 539 testem
995 508 1079 538 non
1110 495 1231 538 sistit.
1253 497 1271 513 ⁸

95 565 529 608 Adnotamentum.
587 561 742 607 Horum
770 563 970 621 pleraque
1002 576 1029 606 a
1056 563 1170 620 puris
1202 575 1463 620 procrevere.

52 619 164 679 ‘zum
198 638 264 676 est
289 630 462 676 verbum
490 627 580 685 ὄζω
619 629 670 675 τὸ
701 627 866 684 ἀζαίνω
907 629 1046 686 (asso)
1077 630 1187 687 quod
1215 636 1379 674 veteres
1410 629 1464 674 ab

17 675 230 758 1’(ιίιήμι,
259 695 369 752 αἷίω)
414 705 601 757 repetunt
642 712 822 742 assensu
857 698 976 742 facili
1005 699 1104 756 quia
1141 705 1288 742 ventus
1319 700 1464 750 siccat,

18 742 147 812 'sue
184 766 344 812 similia
379 768 423 811 in
451 766 611 810 Aneed.
641 765 778 810 Bekk.
807 765 905 809 348.
945 761 1065 820 ὄζειν
1102 764 1154 809 τὸ
1190 766 1354 810 στένειν
1381 768 1466 811 Σο-

22 859 24 861 >
47 861 76 874 ιι
103 851 167 895 ης,
196 833 246 879 τὸ
278 834 353 880 διὰ
381 837 461 880 τοῦ
491 832 714 888 στόματος
744 830 929 891 ἀθρόως
958 832 1135 876 ἐκπνεῖν
1163 827 1287 886 ὄζειν
1315 834 1467 890 λέγου-

18 875 27 926 l
73 898 270 947 Ἀττικοὶ
295 899 562 957 μιμούμενοι
598 899 675 944 τὸν
704 895 810 958 ἦχον
835 902 917 943 τοῦ
944 897 1215 954 πνεύματος,
1257 913 1364 957 quae
1393 899 1467 945 El-

55 969 164 1027 dtius
191 972 236 1013 in
265 967 368 1013 Lex.
398 967 526 1026 Soph.
555 975 772 1026 perspecte
805 967 1044 1024 distinguit3
1075 980 1172 1011 nam
1202 969 1317 1024 prius
1346 968 1464 1020 illud,

76 1057 80 1072 ·
121 1038 362 1095 expressius
392 1032 544 1090 ἇάζειν
573 1035 734 1088 dicitur,
764 1036 817 1079 ab
845 1035 1131 1092 interjectione
1159 1037 1360 1092 provenit,
1384 1035 1465 1081 hoc

46 1094 107 1166 {fa
132 1110 250 1163 parte
280 1105 484 1150 orationis
513 1103 782 1160 significabili
802 1111 844 1148 ut
870 1101 1062 1162 φεύξειν,
1092 1097 1233 1156 ι’όζειν.
1291 1103 1359 1147 Ab
1389 1105 1465 1150 illo

56 1171 417 1224 ⁵,1onemate'vel‚
447 1179 491 1216 ut
514 1179 680 1216 veteres
709 1174 911 1223 vocitant,
943 1170 1143 1215 adverbio
1174 1170 1408 1216 admirandi
1436 1167 1466 1218 ἆ

46 1235 136 1302 ,δι’
161 1241 306 1299 nescio
340 1254 395 1285 au
432 1235 524 1294 ὄζω
554 1241 643 1284 sive
682 1240 939 1298 frequentius
973 1235 1137 1294 ἅζομαι
1174 1246 1313 1284 natum
1344 1243 1400 1284 sit
1427 1249 1467 1285 et

20 1307 151 1386 ι’χὶιοο
177 1321 303 1368 porro
345 1304 429 1366 ὄὶγη
465 1315 506 1352 et
535 1303 716 1365 ἄγαμαι.
773 1306 837 1352 Ex
864 1306 1065 1363 Hesychii
1093 1306 1252 1363 glossis
1280 1306 1467 1354 Λάσθω

21 1427 27 1440 ὅ
85 1375 246 1432 αζέτω,
281 1373 480 1421 Λάσθαι
517 1375 728 1431 (λᾶσθαι)
759 1375 937 1430 παίζειν
964 1375 1208 1434 λοιδορεῖν,
1246 1377 1331 1420 nisi
1369 1377 1468 1434 quid

21 1443 24 1446 ’
47 1490 55 1505 ,
102 1447 406 1495 contraxerunt,
439 1450 610 1502 apparet
636 1443 807 1488 verbum
828 1444 960 1487 fuisse
991 1440 1099 1494 λάω,
1129 1456 1181 1487 ex
1210 1458 1290 1501 quo
1313 1445 1466 1489 factum

22 1504 206 1578 [λάξιν
238 1511 291 1558 τὸ
330 1507 496 1570 ὑβρίζει)
535 1518 575 1555 et
617 1509 779 1567 λάσθῃ.
848 1512 912 1555 Ab
952 1511 1200 1566 homonymo
1236 1510 1352 1563 λάω,
1399 1516 1467 1557 cui

53 1582 252 1629 'annm
279 1577 379 1636 ληΐς
404 1585 445 1622 et
473 1577 572 1623 λεία
601 1580 691 1622 sive
725 1579 866 1623 dorice
902 1578 1008 1622 λαία
1038 1586 1229 1632 captura,
1262 1582 1468 1636 originem

23 1649 98 1693 ft
125 1644 336 1703 λάζομαι,
375 1645 429 1690 ab
461 1646 546 1689 alio
577 1645 756 1702 quodam
786 1645 901 1696 λάω,
942 1646 1052 1703 quod
1080 1647 1124 1688 in
1153 1645 1301 1691 λάσκω
1330 1655 1470 1693 trans-

32 1742 41 1754 =
92 1722 203 1761 atum
233 1721 318 1766 est,
348 1711 547 1768 λαλάζω,
582 1715 670 1757 sive
696 1714 740 1757 id
773 1714 1074 1772 reduplicatum
1107 1714 1248 1757 dicere
1277 1714 1468 1760 volumus

51 1797 76 1830 e
107 1797 134 1829 a
165 1780 304 1833 λάλος
331 1781 581 1833 derivatum,
611 1781 721 1838 quod
753 1782 806 1825 ad
836 1781 929 1826 λάω
959 1782 1108 1826 referri
1139 1782 1224 1826 dixi
1252 1790 1294 1825 ut
1323 1782 1470 1841 φαλός

26 1847 253 1909 ..λαμπρός
283 1849 338 1894 ad
372 1845 489 1908 φάω.
547 1846 712 1906 Κράζω
749 1849 856 1892 unde
889 1851 1071 1907 coeperit
1102 1850 1356 1894 demonstrat
1384 1851 1469 1896 He—

46 1921 186 1964 ianus
215 1916 311 1961 EM.
341 1915 448 1968 539,
481 1915 523 1959 4.
563 1914 700 1960 Cram.
730 1916 760 1959 I.
790 1916 886 1960 268.
933 1914 1024 1961 ἀπὸ
1063 1921 1146 1961 τοῦ
1188 1921 1281 1975 κριῦ
1320 1917 1467 1978 κράζω

29 1987 64 2035 ὶ
94 1983 264 2046 κρώζω,
290 1985 408 2042 quus
440 1991 569 2028 testes
601 1986 812 2029 nominavi
841 1987 883 2028 in
908 1983 1020 2028 Diss.
1043 1983 1074 2026 Ι.
1101 1985 1193 2044 §.L
1211 2010 1263 2016 —
1303 1985 1468 2044 Φράζω

35 2056 115 2118 v(mi
141 2055 192 2101 τό
226 2058 303 2114 φῶ
326 2054 376 2100 τὸ
408 2054 519 2111 λέγω
548 2055 816 2114 πλεονασμῷ
842 2058 921 2099 τοῦ
947 2046 992 2114 ἶ
1011 2054 1107 2099 ΕΜ.
1137 2057 1253 2112 quus
1282 2058 1326 2100 in
1342 2059 1471 2102 vesti-

43 2117 51 2177 s
89 2126 275 2170 insciens
313 2124 486 2168 incurrit
517 2120 856 2179 Wyttenbachius
893 2123 947 2166 ad
984 2122 1089 2167 Plut.
1129 2123 1180 2166 de
1211 2125 1321 2168 Aud.
1351 2125 1466 2170 Poet.

42 2188 154 2238 2236.
198 2191 365 2237 Pondus
395 2191 626 2235 sententiae
657 2192 770 2235 addit
792 2190 993 2246 Hesychii
1021 2191 1171 2247 glossa
1183 2191 1469 2251 Πιφραύσκω

26 2259 228 2310 moinum,
269 2259 380 2317 quod
407 2258 641 2310 EM.-673,
670 2258 740 2302 54.
781 2259 833 2303 ob
870 2259 1045 2302 eundem
1078 2259 1366 2317 pleonasmum
1395 2262 1472 2305 ad-

47 2329 149 2374 tavit
176 2327 405 2386 profectum
431 2326 614 2370 fortasse
645 2340 672 2370 a
695 2334 832 2384 poeta,
862 2328 932 2384 qui
950 2329 1124 2385 primam
1151 2327 1270 2372 verbi
1297 2326 1472 2387 πιφαύ-

30 2404 83 2441 ἰω
117 2395 328 2453 syllabam
357 2396 448 2438 sine
482 2394 685 2451 ejusmodi
716 2394 999 2439 sustentaculo
1026 2395 1199 2452 produci
1227 2410 1353 2453 posse
1391 2397 1471 2440 dif-

29 2465 147 2510 leret.
205 2462 295 2508 Sed
338 2464 518 2506 animum
565 2462 775 2506 diversum
817 2461 941 2505 trahit
978 2476 1128 2506 nomen
1170 2462 1309 2522 φρήν,
1354 2466 1470 2521 cujus

33 2534 158 2578 '·ivus
185 2531 354 2576 doricus
383 2531 527 2590 φρασί
556 2532 796 2587 conjunctus
835 2543 926 2574 cum
960 2530 1089 2575 verbo
1121 2531 1348 2588 φρανίζειν
1376 2534 1404 2575 i.
1430 2547 1469 2590 q.

42 2602 184 2645 ιενοῦν
202 2613 295 2644 eam
324 2598 452 2642 habet
470 2612 560 2643 cum
583 2596 741 2657 φράζω
760 2598 1068 2641 similitudinem
1098 2606 1139 2641 ut
1160 2601 1300 2655 opinio
1320 2601 1472 2643 existat

69 2681 207 2726 umque
247 2667 300 2712 ab
340 2667 530 2712 obsoleto
572 2666 750 2723 quodam
789 2664 920 2724 φράω
960 2674 1091 2710 ortum
1136 2679 1255 2717 esse,
1301 2667 1472 2711 verbum

34 2736 161 2780 iidem
180 2737 242 2780 sic
261 2742 304 2778 ut
329 2732 473 2789 κλάζω
505 2748 531 2778 a
561 2733 681 2778 κλάω
706 2734 868 2790 frango,
900 2732 1046 2791 κράζω
1077 2747 1104 2776 a
1134 2731 1271 2792 κράω,
1299 2733 1470 2790 βιβάζω

64 2802 184 2861 βάω,
225 2816 376 2848 nomen
409 2809 544 2848 autem
580 2815 633 2847 ea
670 2803 832 2847 ratione
869 2814 951 2859 qua
993 2798 1098 2858 γλήν
1138 2814 1165 2844 a
1202 2799 1323 2858 γλάω
1362 2801 1471 2855 (λάω

1133 2869 1162 2912 6
1178 2872 1197 2893 δι
