1728 3120
249 199 343 245 158
675 185 1143 230 DISSERTATIO
1188 187 1292 231 vill.

243 320 339 350 nam
370 310 409 346 et
439 298 676 357 φάρμακον
706 298 854 341 dicitur
892 301 934 340 in
963 305 1175 355 utramque
1205 306 1361 355 partem
1387 313 1426 344 v.
1457 299 1503 346 G.
1533 301 1580 345 V.
1612 303 1648 358 ς.
1684 312 1689 338 ῑ

245 379 327 416 not.
350 370 418 413 25.
462 365 549 409 Nec
579 365 631 408 ab
661 366 714 407 iis
746 365 947 408 dissentio
979 367 1048 422 qui
1075 362 1208 424 ὅργᾷν
1241 373 1396 411 tumere
1427 367 1486 412 ad.
1513 364 1621 427 ὀργή
1650 382 1672 413 1·

244 441 400 487 serunt,
440 431 551 492 ὃρᾷν
577 432 631 475 ad
659 431 911 474 homericum
942 427 1085 488 οῧρος,
1103 435 1142 484 ⁸)
1173 432 1330 491 λωφᾷν
1352 433 1406 477 ad
1429 431 1584 491 λόφος.
1629 424 1693 478 δ’

244 513 286 549 ut
316 503 492 548 omnium
516 499 702 554 origines
722 498 987 554 explicentur,
1017 511 1279 555 nequaquam
1308 498 1419 543 effici
1438 506 1585 557 potest.
1627 500 1659 544 P
1693 508 1697 562 ζ

244 585 351 615 11111111
388 570 499 613 viam
534 565 697 620 obsepit
735 564 839 607 illud
876 566 1058 620 priscum
1097 571 1137 608 et
1172 567 1376 622 poeticum
1407 579 1562 622 genus,
1603 568 1684 624 cuj·

241 641 375 697 prima
402 632 563 679 vocalis
591 631 745 680 breviS,
775 630 998 674 declinatio
1029 644 1189 683 manca,
1218 645 1318 676 usus
1347 646 1431 679 non
1459 636 1699 691 promisca
1692 649 1697 671 ι

242 713 306 749 est
335 700 500 760 γελάω,
529 696 666 747 ἐλάω,
703 695 842 754 ἑράω,
873 695 1041 755 κεράω,
1079 698 1278 755 κρεμάω,
1317 697 1494 750 agada),
1531 699 1699 745 σκεδά,

244 767 444 816 σταλάω,
475 762 618 812 ὑλάω,
651 761 822 817 χαλάω,
856 760 1062 816 ιλάομαι,
1093 776 1262 820 quorum
1290 768 1372 809 tria
1398 766 1522 810 modo
1550 767 1691 824 publi·v

242 842 411 894 recepta
440 838 532 876 sunt
563 827 702 887 ἑράω,
741 826 908 884 γελάω,
935 826 1087 882 χαλάω
1118 836 1157 873 et
1185 832 1226 873 in
1258 831 1488 877 Atticorum
1525 847 1672 878 sermo]

243 903 360 948 ἐλάω
391 911 551 958 quoque
591 897 828 954 perduravit
867 897 1053 952 quamvis
1086 905 1358 954 exsuperante
1393 899 1530 944 forma.
1555 901 1689 944 vicar}

243 966 424 1015 ἐλαύνω.
483 965 635 1008 Uetera
674 969 888 1006 cesserunt
916 964 1028 1005 victa
1063 963 1305 1007 fortioribus
1335 964 1576 1023 κεραννύει),
1617 981 1694 1011 σκ

243 1033 425 1086 δαννύω,
459 1029 651 1084 πελάζεο,
684 1027 900 1081 σταλάζω,
930 1025 1140 1080 ὖλακτέω,
1172 1026 1424 1086 ἱλάσκομαι.
1484 1031 1571 1076 Sed
1596 1034 1703 1077 triu

242 1103 421 1152 illorum,
451 1111 557 1155 quae
587 1098 860 1154 pervicerunt,
890 1096 1063 1150 primum
1096 1093 1214 1152 ἕράω
1243 1098 1474 1154 imperfecti
1500 1099 1604 1143 fines
1632 1098 1701 1144 no*

241 1168 474 1225 egreditur,
514 1164 594 1207 duo
625 1162 797 1205 ulterius
827 1161 1028 1217 producta
1058 1174 1083 1204 a
1112 1163 1357 1218 gregalibus
1387 1165 1605 1222 dupliciter
1634 1167 1696 1210 di

242 1237 399 1286 ferunt3
437 1233 611 1289 primum
651 1228 759 1285 quod
789 1228 914 1270 futuri
945 1229 1274 1272 terminationem
1310 1239 1479 1276 servant
1510 1234 1701 1290 integra

239 1300 437 1360 γελάσω,
465 1295 670 1353 χαλάσω,
703 1297 852 1339 ceteris
885 1296 1107 1338 contractis
1139 1295 1193 1338 ad
1220 1299 1454 1353 praesentis
1480 1300 1705 1347 similitudi:

238 1382 334 1412 nem
368 1367 474 1415 ἐλῶ,
501 1365 658 1415 σκεὸιῦ,
689 1364 826 1420 κερῶ,
858 1368 927 1404 aut
958 1375 984 1405 a
1011 1362 1135 1405 futuri
1163 1363 1410 1408 formatione
1437 1379 1610 1423 prorsus
1639 1367 1709 1414 111,

238 1433 502 1480 horrentibus
539 1438 583 1474 ut
617 1427 754 1474 ὖλάω.
811 1428 960 1471 Altera
993 1428 1226 1473 differentia
1265 1437 1329 1474 est
1369 1432 1478 1488 quod
1510 1434 1554 1476 in
1583 1433 1710 1479 decu

238 1502 376 1546 nando
417 1512 501 1542 non
539 1497 752 1540 admittunt
791 1509 1024 1551 syncopen,
1069 1509 1152 1552 qua
1186 1497 1483 1543 inclinamenta
1525 1501 1709 1545 similite

237 1574 519 1613 contextorum
541 1569 746 1607 mutantur
763 1562 989 1619 πέπρακα,
1020 1562 1229 1620 δέδμηκα,
1259 1563 1487 1621 κέκραμαι,
1513 1564 1660 1625 ἓπλήμ
1688 1579 1709 1623 ’.Ἰ

239 1633 478 1692 (πλησίος).
537 1629 725 1686 Denique
758 1628 966 1671 nonnullis
998 1628 1117 1684 huJus
1146 1629 1334 1674 familiae
1359 1644 1436 1674 usu
1463 1634 1575 1677 venit
1603 1633 1709 1691 quos

241 1699 518 1745 animantibus
550 1696 657 1740 solet
685 1701 727 1738 ut
763 1694 910 1738 relicto
940 1697 1061 1751 quasi
1098 1696 1216 1752 prole
1244 1697 1380 1742 futuro
1411 1707 1693 1745 emorerentur

238 1782 335 1811 nam
373 1762 616 1822 πιπράσκει)
656 1763 794 1806 locum
837 1763 1052 1819 occupavit
1089 1766 1341 1819 praesentis,
1380 1765 1487 1808 unde
1525 1765 1674 1824 περάσ
1710 1758 1712 1763 ’

238 1835 400 1878 ductum
429 1838 492 1875 est
518 1844 556 1873 v.
585 1830 639 1872 ad
654 1828 800 1872 Buttm.
815 1829 911 1871 269.
942 1827 1092 1877 ταλάω
1124 1831 1232 1887 apud
1257 1837 1421 1874 veteres
1449 1845 1534 1876 non
1561 1833 1686 1889 leg-itu
1709 1860 1713 1869 .

237 1902 313 1944 sed
340 1907 527 1956 tempora
563 1897 660 1939 hinc
688 1896 897 1952 profecta3
936 1894 1110 1953 κρεμόω
1140 1895 1187 1939 ll.
1220 1895 1308 1939 VII.
1338 1897 1406 1941 83.
1444 1897 1556 1943 haud
1587 1900 1684 1943 dubi
1696 1910 1713 1957 =

237 1968 414 2010 futurum
445 1971 510 2006 est
537 1977 617 2007 non
646 1975 860 2019 praesens,
891 1965 1006 2018 cujus
1036 1963 1224 2020 exempla
1251 1977 1334 2008 non
1357 1965 1574 2009 admodum
1605 1968 1688 2011 anti
1704 1973 1706 1979 '

238 2046 320 2090 qua
350 2039 443 2075 sunt
474 2044 512 2073 v.
544 2030 596 2072 ad
628 2028 772 2070 Buttm.
797 2027 894 2070 224.
932 2042 1009 2071 nec
1049 2031 1329 2086 imperfectum
1367 2033 1574 2076 invenitur
1615 2039 1715 2077 ant

198 2126 200 2130 ,
236 2098 425 2142 Nonnum
454 2092 727 2152 ἑκρεμόωντο
744 2093 842 2136 XX.
861 2094 954 2136 173.
991 2107 1041 2138 ac
1071 2097 1108 2137 si
1138 2097 1258 2154 δαμᾷ
1274 2095 1321 2138 ΙΙ.
1347 2095 1376 2140 Ι.
1401 2097 1469 2140 61.
1498 2110 1573 2155 pro
1603 2100 1661 2154 μέ
1702 2095 1715 2114 '³

236 2166 304 2209 λει
341 2160 560 2218 ὁαιιάσαι,
599 2167 641 2204 ut
681 2160 732 2203 ab
773 2159 867 2202 ΕΜ.
897 2159 1000 2211 247,
1029 2163 1069 2204 2.
1108 2162 1384 2217 significatur,
1418 2166 1594 2220 positum
1632 2174 1713 2219 est,-

233 2231 466 2308 praesentis
498 2225 655 2282 ὁαμάω
685 2228 905 2283 vestigium
942 2228 1098 2271 nullum
1127 2229 1382 2286 relinquitur.
1439 2229 1555 2275 Haec
1584 2234 1689 2289 igitu
1714 2259 1719 2289 χ

236 2300 330 2355 ipsa
369 2295 629 2352 simplicitate
670 2295 966 2350 primitivorum
1004 2295 1187 2339 colorem
1222 2297 1442 2343 imitantur.
1502 2296 1589 2342 Sed
1623 2313 1713 2343 110«

236 2365 383 2408 eadem
407 2362 588 2407 conditio
618 2368 680 2404 est
707 2361 926 2404 verborum
949 2357 1118 2419 ἀμῆσαι
1147 2369 1188 2414 et
1217 2365 1415 2420 κυκῆσαι,
1442 2377 1616 2421 quorum
1645 2366 1719 2418 al-ti

234 2433 312 2476 teri
342 2443 475 2487 neque
506 2441 655 2472 nomen
685 2423 774 2484 ἄμη
805 2431 908 2471 satis
939 2430 1142 2479 convenit,
1167 2442 1301 2485 neque
1327 2432 1580 2505 praepositio
1598 2424 1721 2486 &aas

237 2499 408 2542 alterius
425 2495 581 2539 nullum
604 2495 924 2538 sustentaculum
948 2502 1012 2538 est
1029 2501 1194 2551 praeter
1213 2497 1420 2572 proprium
1436 2494 1573 2555 Κύκη.
1617 2497 1720 2544 Nec

236 2563 540 2619 αἰσυμνᾶσθαι
569 2562 821 2618 quidquam·
810 2576 852 2604 111
882 2561 1080 2605 subsidiis
1108 2560 1234 2604 habet
1260 2563 1344 2606 nisi
1369 2557 1721 2620 andronymicum.

236 2628 479 2683 Αἴσυμνος.
511 2625 685 2690 ,Ἠπᾷν
723 2630 881 2672 sarcire
923 2628 1103 2672 sortasse
1139 2630 1304 2685 proprie
1344 2628 1552 2684 significat
1587 2615 1721 2675 ὂπὰ

323 2767 359 2809 8)
396 2767 457 2801 Sic
484 2767 591 2801 etiam
614 2766 762 2800 latinum
788 2770 898 2800 tueor
921 2763 1048 2799 videre
1074 2769 1108 2797 et
1133 2764 1315 2799 custodire
1341 2761 1530 2811 siguificat.
