1728 3120
234 196 339 242 Ι106
692 185 1136 233 DISSERTATIO
1180 187 1246 232 IV.

803 262 824 284 Ο

238 304 388 348 Galeni
418 304 620 345 sententia
639 301 792 346 Gomm.
814 300 881 344 111.
912 303 955 345 in
977 301 1126 359 Progn.
1152 300 1256 344 vlll.
1286 295 1517 360 me'ss‘l'a
1546 299 1659 347 xvn

236 372 280 413 P.
310 370 341 412 Ι.
380 365 680 426 ἆλλοφάσσειν
718 369 834 424 λέγει
869 368 972 421 τοὺς
998 363 1475 427 παραφρονοῢννᾶςῖὲἒκ
1505 371 1584 414 τοῦ
1620 365 1661 413 ὅ,

237 440 338 480 λοτε
356 434 541 493 φάσκειν
571 431 695 486 ἄλλα,
725 436 800 479 sed
831 436 943 480 addit
968 436 1080 488 τινὲς
1107 437 1156 481 δὲ
1186 433 1279 480 ἀπὸ
1307 438 1384 480 τοῦ
1410 433 1683 495 μεταβάλλει

237 500 397 547 ἄλλοτε
427 500 491 554 εἷς
525 497 635 544 ἄλλο
665 504 809 560 σχῆμα
835 503 889 547 τὰ
917 501 1024 562 φάη.
1082 502 1318 561 Eodemque
1345 517 1392 548 se
1422 503 1601 556 acclinat
1615 501 1679 547 Eu

237 570 411 614 stathius
439 583 477 626 p.
507 569 637 620 1728,
663 570 730 612 20.
770 570 895 628 παρὰ
930 570 980 615 τὸ
1014 569 1173 629 φάσσω
1205 570 1256 615 τὸ
1291 569 1437 629 φαίνω
1470 577 1512 615 et
1542 564 1684 615 Auen«)

235 638 369 682 Bekk.
385 636 479 680 386.
513 633 810 693 ἆλλοφάσσειν
838 641 1054 697 παρορᾷν,
1083 651 1203 695 quam
1228 638 1570 694 significationem
1595 652 1689 682 non.

235 706 339 749 nulli
369 706 491 749 etiam
519 703 648 747 verbo
679 703 994 762 παραφάσσειν
1019 705 1210 749 tribuunt.
1231 707 1300 760 53)
1343 704 1501 750 Eadem
1529 713 1592 749 est
1613 719 1676 750 am

235 774 417 830 biguitas
448 771 740 827 adJectivorum
771 768 1044 829 ἆλλόφατος,
1085 771 1303 830 νεόφατος
1330 771 1582 832 (νειόφατον
1605 773 1678 818 νεό

238 857 397 898 κρατον
432 838 552 893 Hes.)
592 838 898 896 παλαίφατος,
939 838 1219 897 πρόςφατος,
1264 837 1531 898 ἓπίσφατος,
1573 839 1695 897 περί

234 923 416 965 σφατος,
445 919 550 963 quae
568 905 834 949 Grammatioi
847 907 953 948 inter
972 919 1016 948 se
1040 907 1254 950 discordes
1271 908 1324 950 ad
1343 906 1501 964 φαίνω,
1527 906 1686 964 σφάξαι

238 972 398 1032 φάσκω
427 974 627 1024 referunt,
670 972 745 1015 sed
774 974 817 1014 in
849 973 1057 1017 nonnullis
1088 975 1153 1017 vis
1181 974 1298 1017 verbi
1331 976 1492 1032 penitus
1521 976 1687 1018 evanuit

228 1039 523 1098 Ἀλλοφάσσω
558 1047 692 1083 autem
716 1040 983 1098 undecunque
1013 1041 1174 1085 ductum
1198 1049 1272 1093 est,
1302 1049 1414 1086 certe
1443 1055 1470 1086 a
1498 1043 1698 1086 commun‘

237 1108 515 1165 synthetorum
554 1107 702 1162 regula
737 1107 939 1160 declinat3
981 1108 1033 1151 ab
1071 1106 1306 1165 ἀλλόφρων
1339 1109 1545 1166 proficisci
1573 1111 1685 1166 potui.

237 1172 534 1233 ἂλλοφράσσω
574 1182 615 1217 ut
653 1174 705 1217 ab
748 1170 904 1232 ἄφρων
944 1172 1162 1233 ἆφράσσω
1197 1182 1238 1219 et
1275 1173 1478 1234 ἇφραίνω
1519 1190 1558 1220 ν.
1586 1176 1699 1221 mssa

236 1242 347 1286 XIV.
375 1243 411 1298 ς.
439 1243 477 1285 l.
536 1241 886 1294 Quemadmodum
913 1255 1012 1286 vero
1051 1256 1125 1299 pro
1164 1243 1238 1287 illo
1268 1243 1378 1300 apud
1405 1243 1566 1287 Suidan
1586 1245 1701 1288 ¹scri-

235 1319 345 1368 ptum
374 1317 436 1353 est
466 1306 706 1366 ἆλλοφάζω
736 1310 900 1366 σκιρτῶ
930 1312 1154 1366 παροινῶ,
1185 1313 1247 1354 sic
1276 1309 1510 1367 Hesychius
1537 1311 1706 1355 exhibet

228 1374 481 1433 Ἔξαφάζων
512 1375 559 1428 ἐξ
588 1374 746 1419 ἑαυτοῦ
775 1373 1003 1431 γενόμενος
1033 1376 1106 1420 καὶ
1135 1378 1416 1434 περιβλέπων
1444 1379 1529 1431 (vel
1554 1395 1701 1435 παρα·

234 1445 443 1500 βλέπων).
486 1442 533 1486 ld
558 1457 657 1487 vero
686 1457 768 1486 non
797 1456 888 1486 cum
918 1441 1022 1500 φάω
1051 1443 1099 1487 τι)
1122 1444 1287 1498 βλέπω,
1317 1453 1359 1489 ut
1386 1446 1460 1490 ille
1487 1447 1557 1498 ait,
1588 1460 1702 1490 comw

235 1514 413 1569 positum
432 1518 497 1554 est
514 1510 589 1552 sed
607 1523 698 1552 cum
722 1505 857 1567 ἆφάω
877 1505 1082 1567 ἆῳάσσω,
1103 1513 1348 1569 proprieque
1365 1513 1516 1557 dictum
1540 1514 1706 1558 videtur

237 1580 288 1622 de
325 1579 519 1635 inquietis
563 1577 780 1620 furentium
820 1577 996 1620 motibus
1042 1581 1111 1634 qui
1153 1592 1299 1622 manus
1335 1580 1448 1624 velut
1486 1582 1703 1638 palpantes

236 1645 547 1696 circumferunt·⁷
592 1645 823 1699 furentium
862 1646 1069 1699 inquietae
1108 1659 1258 1689 manus
1293 1645 1443 1693 Senec-
1483 1649 1534 1691 de
1571 1647 1639 1692 Ira
1668 1647 1699 1691 Ι

236 1715 275 1765 l,
303 1714 343 1756 3.
388 1711 488 1755 Cum
517 1711 662 1756 eodem
694 1711 818 1755 verbo
850 1713 1105 1766 conjunctum
1134 1719 1197 1756 est
1217 1703 1568 1779 Ἀνδμφασσειν
1597 1713 1698 1759 κατ’

227 1778 375 1839 ἄνδρα
405 1777 691 1836 ἐφάπτεσθαι
705 1777 804 1821 Hes
837 1779 1024 1835 quodque
1052 1779 1162 1822 idem
1188 1779 1307 1823 affert
1325 1772 1708 1840 Κατηνδράφυξας

237 1848 512 1897 κατέκτεινας
542 1859 569 1888 a
608 1844 979 1903 κατανδραφοὶζω,
1015 1860 1099 1890 non
1126 1854 1169 1891 ut
1205 1847 1273 1892 hic
1299 1847 1428 1892 voluit
1461 1862 1488 1893 a
1515 1848 1619 1907 φάω
1647 1849 1696 1894 τὰ

237 1914 393 1973 σφάζω
433 1912 680 1956 declinatum
724 1912 902 1955 arbitror
941 1914 1016 1956 sed
1058 1914 1155 1958 hinc
1198 1915 1303 1958 unde
1337 1915 1618 1973 χειραπτάζω
1661 1924 1698 1961 et

235 1990 446 2037 utrumque
470 1980 523 2023 ad
554 1975 856 2035 ἀνδροληψίαν
885 1979 1035 2031 refero,
1066 1983 1180 2036 quus
1209 1984 1413 2038 proprium
1443 1990 1506 2026 est
1533 1984 1699 2028 verbum

225 2047 527 2106 ,ἐφάπτεσθαι
552 2059 715 2088 manum
734 2047 917 2101 injicere,
946 2048 1168 2103 pignerari.
1225 2048 1335 2091 Aliis
1358 2050 1598 2104 regionibus
1627 2052 1708 2094 ad·->

228 2117 430 2172 ¹scriptum
470 2113 545 2156 sed
577 2127 661 2156 non
702 2115 836 2155 minus
882 2121 1189 2158 controversum
1233 2122 1296 2158 est
1341 2111 1557 2160 α’ττεσθαι
1598 2118 1701 2162 illud

235 2183 346 2240 quod
379 2183 569 2260 superius
600 2180 719 2234 attigi
750 2193 871 2236 quum
901 2181 950 2223 de
982 2179 1218 2236 ὂιάζεσθαι
1247 2195 1435 2238 agerem,
1474 2197 1700 2228 connexum
1726 2183 1728 2216 ⁴

239 2251 395 2294 nomini
426 2245 589 2306 ἠτριον
637 2244 851 2304 Βρήσσειν
881 2247 1063 2291 Galenus
1094 2251 1381 2306 interpretatur
1407 2249 1457 2294 τὸ
1488 2250 1600 2305 μετα
1621 2255 1702 2308 βη-

234 2336 312 2373 χος
346 2315 601 2362 &vamum-
643 2314 753 2360 ἔνιοι
793 2318 842 2362 δὲ
872 2318 1007 2376 χωρὶς
1047 2322 1125 2363 τοῦ
1166 2336 1192 2378 ρ
1233 2319 1497 2378 γράφουσιν,
1536 2334 1587 2364 ex
1621 2335 1700 2378 quo

328 2511 388 2556 53)
424 2511 723 2557 Conjunefionem
747 2512 871 2547 harum
895 2511 1119 2546 affectionum
1147 2511 1333 2546 declarant
1351 2511 1581 2558 Hippocratis
1606 2513 1699 2549 loci:

240 2571 278 2604 αἱ
302 2571 455 2615 σιγῶσαι
486 2565 874 2619 ἔκστάσιες-ὅμμασι
902 2571 1184 2616 περιβλέπουσαι
1209 2567 1318 2603 Coae.
1343 2568 1422 2604 314.
1450 2568 1491 2604 Τ.
1520 2569 1546 2604 l.
1571 2569 1701 2606 ἀλλοῖα

240 2630 409 2674 φρονέων
439 2628 500 2660 καὶ
525 2625 652 2661 ἀλλοῖα
677 2625 792 2674 ὁρέων
815 2627 861 2661 de
885 2626 1052 2661 Glandul.
1070 2626 1147 2660 499.
1191 2623 1390 2666 Ἐννεάζειν
1411 2623 1449 2661 τὸ
1469 2625 1530 2661 διὰ
1553 2630 1700 2674 μωρίαν

239 2686 487 2730 παραβλέπων
511 2684 646 2719 Anecd.
675 2683 790 2718 Bekk.
816 2683 893 2718 251.
943 2686 1114 2718 Διοσκεῑν
1141 2683 1299 2727 συνεχῶς
1328 2681 1391 2724 τὴν
1426 2679 1555 2729 ὅρασιν
1587 2695 1700 2728 μετα-

231 2739 402 2784 βάλλειν·
447 2743 581 2776 τίθεται
625 2740 665 2775 δὲ
707 2742 769 2775 καὶ
811 2741 871 2776 ἐπὶ
910 2742 971 2777 τοῦ
1015 2740 1277 2787 διαφορεῖσθαι
1311 2740 1359 2783 τῷ
1393 2735 1532 2785 σώματι
1565 2741 1626 2775 καὶ
1659 2741 1700 2788 τῇ

236 2799 338 2845 ψυχῇ
362 2797 449 2832 Hes.
