1728 3120
223 193 317 239 100
666 187 1134 232 DISSERTATIO
1178 188 1243 236 lV

223 314 368 361 πάντα
398 313 472 357 διὰ
501 317 580 356 τοῦ
609 331 643 356 ω
674 311 904 371 γράφεται,
935 315 1122 372 quodque
1138 314 1399 359 Herodianus
1428 316 1541 362 addit
1553 316 1701 376 Epimi

221 382 317 425 252.
347 379 460 436 πλὴν
486 382 564 422 τοῦ
594 375 727 430 ἷίσσω,
758 380 809 422 ab
839 380 914 424 illo
944 381 994 424 de
1022 382 1224 426 industria
1249 384 1444 427 omissum
1473 398 1568 428 esse
1598 384 1701 430 col*

221 451 363 506 ligitur
388 463 438 492 ex
466 447 559 492 EM.
590 449 663 500 14,
691 449 731 491 ἵ).
762 457 802 493 et
831 449 964 494 Suida
992 465 1025 494 s.
1055 450 1388 496 Δεδίσσω-τά
1419 452 1494 496 διὰ
1522 452 1600 497 δύο
1631 463 1685 500 σύ

222 519 276 562 τὰ
310 517 358 570 ἓξ
385 516 657 572 λαμβάνουσι
698 517 944 576 φωνήεντα,
985 520 1034 564 τὸ
1066 519 1114 564 δὲ
1139 510 1183 563 ἶ
1210 517 1260 563 οὗ
1290 519 1699 576 λαμβάνουσι-*τὰ

223 586 306 642 γὰρ
335 581 454 629 ἕσσω
486 581 576 628 ἀπὸ
609 587 687 628 τοῦ
717 581 843 629 {imm
869 585 1060 642 γέγονεν,
1101 599 1206 643 quae
1238 586 1402 631 aeolica
1427 587 1480 631 ab
1507 589 1592 633 illis
1622 589 1701 633 dia*

224 655 328 696 citur
369 653 585 695 conversio
633 659 675 695 ut
719 650 878 696 ἕνίπτω
925 651 1099 702 ἐνίσσω,
1144 652 1285 697 λίπτω
1326 652 1484 706 λίσσω,
1527 656 1702 700 πέπτω·

223 720 388 764 πέσσω.
446 719 620 762 Activae
651 719 808 762 formae
838 722 955 763 testis
980 733 1064 763 non
1092 721 1346 764 certissimus
1374 719 1705 778 estHesychius‘

210 783 366 830 ’‘Oooet
397 786 478 839 (sic
494 786 602 840 cod.)
627 787 791 843 βλέψοι
819 784 924 839 ἴδοι,
941 783 1126 838 ’Όσσοις
1147 787 1425 844 βλέψεις.“)
1463 787 1701 834 Pindarica¹

223 853 437 898 ἐπέτοσσε
469 860 509 896 et
533 850 715 904 τόσσας,
757 854 794 896 si
829 855 964 909 sigma
994 855 1153 911 poetice
1188 855 1438 909 geminatum
1475 863 1557 908 est,
1593 859 1683 915 pari

217 922 309 976 Jure
345 920 398 963 ad
426 934 626 978 praesens
655 918 800 964 τόσσω
830 927 869 963 et
894 918 982 964 τόω
1009 921 1155 963 referri
1180 929 1363 978 possunt.
1420 921 1683 979 Hesychiano

221 984 473 1030 Δνόσσουσι
511 984 782 1042 διακόψουσι
819 985 1188 1044 κακοπαθήσουσι
1229 988 1325 1044 quid
1355 988 1588 1034 faciendum
1618 993 1705 1043 sit,

220 1070 304 1100 non
331 1058 506 1112 reperIo.
564 1055 790 1099 Verborum
828 1057 871 1098 in
912 1046 1037 1099 W
1064 1059 1145 1099 tria
1172 1058 1215 1099 in
1241 1059 1443 1102 communi
1473 1072 1550 1103 usu
1588 1071 1683 1116 ver-2

221 1130 364 1167 santur
397 1122 571 1178 μύσσω,
615 1123 724 1180 quod
762 1123 998 1181 plerumque
1041 1125 1366 1181 praepositiones
1409 1127 1592 1179 asciscit,
1612 1131 1707 1183 ⁴²).

220 1189 376 1242 νύσσω,
407 1188 602 1234 πτύσσω.
660 1189 735 1233 His
767 1191 863 1233 addi
889 1197 1022 1247 potest
1050 1187 1232 1244 ἇμύσσω
1254 1193 1353 1235 etsi
1383 1187 1556 1250 ὀρύσσω
1585 1196 1702 1238 stir-

219 1272 311 1315 pem
350 1257 679 1314 monosyllabam
714 1257 837 1301 habet
873 1265 914 1301 ut
951 1255 1105 1316 ῥύγχος
1140 1258 1325 1302 fodiendi
1359 1259 1667 1306 instrumentum

220 1325 263 1368 id
292 1339 452 1382 quoque
485 1326 631 1376 etiam,
661 1323 898 1368 Eustathius
927 1332 1064 1367 tamen
1084 1327 1311 1381 paragogis
1339 1326 1514 1385 infertp.
1529 1328 1624 1380 924,
1627 1269 1685 1387 Ἤ

220 1395 319 1436 πτιῖῐ
348 1390 548 1441 πτύσσω,
583 1388 681 1445 ἆμῶ
712 1389 914 1445 ἆμύσσω,
947 1388 1038 1449 &gno
1068 1388 1260 1449 ὀρύσσω,
1304 1406 1473 1450 quorum
1501 1394 1576 1439 illa
1605 1396 1685 1508 aaa

218 1461 323 1503 ctori
350 1459 558 1502 reddimus
589 1472 638 1502 ac
666 1460 927 1510 remittimus,
957 1460 1075 1502 tertio
1105 1459 1299 1515 ponderis
1332 1460 1490 1518 aliquid
1519 1462 1670 1507 accedi

220 1540 247 1570 a
275 1527 439 1570 nomine
469 1524 621 1584 οὐρός,
660 1526 768 1583 quod
797 1525 895 1569 Sch.
925 1525 972 1568 Il.
1003 1525 1051 1568 ΙΙ.
1083 1526 1176 1568 153.
1213 1520 1473 1584 ταφροειδὲς
1507 1523 1686 1588 ὅρνγμοεῖ

218 1597 517 1650 interpretatur,
547 1607 689 1637 omnes
711 1600 845 1636 autem
874 1593 927 1635 ad
956 1588 1088 1650 ὄρσαι
1115 1592 1316 1644 referunt;
1343 1593 1539 1640 fodiendo
1568 1593 1687 1642 euim?

216 1668 329 1704 terra
356 1661 484 1704 ruitur
513 1667 552 1704 et
582 1663 722 1704 cietur.
778 1659 1001 1703 Praeterea
1033 1657 1251 1715 ἐγγλύσσω
1281 1659 1432 1717 legitur
1460 1662 1706 1720 apadno-²·

216 1729 415 1772 rodotum.
475 1727 713 1770 Ceterorum
740 1741 823 1770 non
850 1740 985 1783 aequa
1013 1727 1259 1770 existimatio
1289 1734 1364 1771 est.
1419 1728 1592 1788 Βύκτης
1618 1729 1679 1784 ὡς

218 1792 309 1839 ἀπὸ
345 1791 539 1853 ἆῤῥήτου
574 1793 769 1851 ῥήματος
804 1797 882 1837 τοῦ
918 1791 1067 1848 βύσσω
1098 1791 1195 1836 Sch.
1227 1791 1304 1837 Od.
1334 1790 1388 1838 X.
1414 1796 1483 1839 20.
1504 1803 1571 1852 ⁴³)
1602 1812 1677 1855 pro
1704 1843 1706 1845 ,

218 1876 297 1918 quo
327 1865 370 1905 in
398 1859 494 1904 EM.
530 1859 646 1915 βύζω
675 1862 838 1917 ponitur
877 1873 902 1902 a
929 1857 1023 1914 ,θύω
1059 1859 1107 1902 τὸ
1141 1861 1300 1917 πληριῢ
1327 1861 1583 1915 derivatum,
1601 1862 1678 1908 Di-
1704 1904 1706 1906 .

218 1929 360 1984 dymus
388 1941 487 1971 vero
518 1927 652 1970 Cram.
682 1927 711 1969 I.
739 1926 805 1969 38.
834 1933 978 1970 ventos
1008 1923 1170 1980 βύκτας
1207 1928 1287 1970 dici
1316 1929 1484 1985 putabat
1510 1933 1675 1975 mutatis

217 1994 483 2038 antistoechis
525 2008 598 2052 pro
637 1993 806 2051 φύκτας
842 1992 966 2049 παρὰ
1009 1991 1057 2034 τὸ
1097 1995 1255 2051 φυσᾷν.
1324 1994 1442 2046 Quod
1488 2011 1607 2054 quum
1649 2009 1710 2042 a³

216 2064 338 2120 φῦσα
373 2068 642 2119 propagatum
678 2062 753 2111 sit,
796 2073 864 2102 res
905 2073 954 2102 eo
993 2059 1204 2102 deducitur
1239 2067 1282 2103 ut
1320 2061 1522 2119 duplicem
1557 2065 1675 2110 verbi
1702 2061 1711 2074 '⁷

303 2230 363 2273 41)
396 2229 471 2264 Pro
497 2226 667 2265 Διόσκειν
690 2229 898 2273 διαβλέπειν
922 2227 1123 2263 Kuesterus
1145 2224 1325 2273 διόσσειν,
1360 2228 1572 2269 Dindorfius
1595 2233 1676 2270 διο·
1703 2241 1709 2264 ἱ

215 2291 316 2323 σκεΐν
338 2287 497 2332 reponit3
527 2298 595 2333 pro
618 2287 800 2322 Μετουσιῦ
824 2287 1029 2333 περιβλέπω
1053 2283 1171 2319 Faber
1195 2282 1379 2332 μετόσσω,
1409 2286 1559 2326 Vossius
1580 2301 1672 2327 vero
1707 2314 1709 2317 .

213 2346 380 2390 μετοσσῶ
403 2343 557 2389 corrigit.
1702 2343 1709 2354 ⁹

304 2401 364 2444 42)
394 2402 445 2434 Αἱ
467 2401 564 2448 ῥῖνες
581 2400 750 2435 δοκέουσι
773 2398 844 2444 μὲν
866 2395 1018 2446 πλήρεες
1042 2392 1146 2442 εἶναι,
1169 2397 1372 2444 μύσσονται
1393 2402 1435 2437 δὲ
1459 2402 1568 2440 οὐδὲν
1584 2405 1673 2451 Hip·

214 2469 315 2504 pocr.
342 2457 460 2492 Diaet.
487 2456 546 2492 111.
573 2456 650 2491 717.
677 2456 717 2491 T.
742 2455 769 2490 1.
794 2454 870 2489 716.
899 2460 935 2489 et
958 2454 1079 2500 paullo
1105 2460 1187 2500 post
1207 2452 1411 2499 μύσσονται
1433 2462 1495 2494 καὶ
1517 2459 1671 2497 πτύουσι
1701 2490 1703 2493 .

214 2526 250 2559 p.
275 2514 351 2549 717.
385 2514 450 2548 sed
484 2511 635 2549 πτύουσι
665 2515 726 2547 καὶ
761 2509 1037 2558 ἀπομύσσονται
1069 2511 1115 2545 de
1147 2510 1233 2546 Nat.
1267 2512 1370 2549 Hom.
1403 2526 1438 2560 p.
1463 2515 1542 2551 357.
1575 2517 1616 2552 Τ.
1641 2517 1670 2553 1.

214 2570 332 2605 Latini
362 2581 566 2617 emunqere
601 2569 749 2615 simplici
781 2569 925 2603 amisso.
972 2567 1165 2602 Diversum
1198 2568 1279 2603 huic
1313 2567 1461 2607 Μύσσει
1491 2571 1669 2622 κάρφεται

213 2627 299 2662 Hes.
324 2627 471 2662 Guietus
495 2639 562 2673 pro
589 2624 744 2673 ἀμύσσει
769 2626 908 2672 accipit.
1702 2675 1704 2677 .

301 2684 362 2724 43)
394 2683 594 2730 Hesychius
630 2680 829 2727 Διαβύσσει
861 2678 1120 2727 διακαμύσσει,
1153 2682 1208 2716 cui
1242 2682 1443 2719 Kuesterus
1475 2683 1692 2732 διαμύσσει
1706 2686 1711 2705 ‘

212 2740 401 2783 substituit,
424 2741 589 2785 idemque
611 2740 647 2776 in
667 2739 824 2775 Hei-onis
837 2738 974 2784 Spiritt.
998 2735 1128 2783 λύχνος
1150 2737 1281 2777 ἑαυτὸν
1301 2738 1527 2789 προμύσσων
1548 2754 1668 2779 emen-

212 2797 273 2833 dat
294 2795 523 2845 προβύσσων.
