1728 3120
231 183 329 229 152
676 175 1124 220 DISSERTATIO
1169 176 1255 219 Vll.

229 304 446 348 Nominum
480 303 627 344 tertiae
667 301 959 346 declinationis
987 301 1243 358 potissimum
1279 307 1426 344 neutra
1458 302 1502 344 in
1538 291 1594 354 ἴς
1621 309 1709 352 ter-¹

229 373 385 415 minata
403 367 544 411 verbis
561 368 774 410 materiam
787 366 988 424 praebent
1004 363 1160 421 ἇλγέω,
1191 364 1352 416 ἀνθέω,
1384 363 1512 418 ἀκέω,
1540 364 1703 422 ἄχθέω,

227 434 396 492 βαρέω,
425 433 634 488 θαμβέω,
663 433 860 489 θαρσέω,
898 432 1086 488 κρατέω,
1116 432 1276 486 μισέω,
1307 432 1480 484 νεικέω,
1512 434 1706 484 πενθέω,

229 498 386 549 οῖδέω,
418 498 572 557 ῥιγέω,
610 499 798 554 στυγέω,
830 498 1022 555 ταρβέω,
1061 498 1232 552 τειχέω,
1262 497 1417 549 τελέω,
1454 496 1639 558 ὥφελέω
1666 507 1707 544 et

229 566 475 610 defectivum
513 568 818 623 τετευχῆσθαι.
877 563 1017 621 ltaque
1053 571 1375 608 consentaneum
1406 571 1475 625 >est
1502 572 1546 609 ut
1578 566 1706 618 κυέω,

228 632 396 681 θαλέω,
426 632 640 684 σινέομαι,
671 645 777 688 quae
797 630 1064 674 Grammatici
1093 631 1333 674 verbalibus
1357 631 1628 683 contribuunt,
1653 633 1716 676 adv

227 698 336 742 hanc
377 697 551 741 alteram
587 698 820 742 referantur
857 697 1051 741 classem.
1111 697 1247 740 Aliter
1280 699 1502 741 terminata
1538 700 1707 756 parcius

228 765 308 808 huc
339 763 517 808 defluunt
547 765 762 820 γειτονέω,
794 762 991 819 ἱστορέω,
1020 763 1265 821 μαρτυρέω,
1294 763 1573 830 μαστιγέω-
1537 772 1578 808 et
1605 765 1708 808 soli·-

227 836 379 878 tarium
413 833 532 891 φρὴν
561 832 757 890 φρονέω,
796 833 951 875 nullum
979 845 1078 876 vero
1114 845 1140 875 a
1168 831 1404 876 nominibus
1433 834 1477 876 in
1504 849 1580 885 μα,
1609 845 1707 877 nam

228 897 588 957 ἆποσφαλμῆσαι
615 901 659 941 in
675 898 843 942 Lexicis
874 901 963 942 sine
992 899 1152 963 idone—a
1163 911 1300 963 caus—a
1325 898 1379 942 ad
1398 895 1706 956 ἆποσφαλμέω

228 969 406 1013 refertur
433 967 659 1024 v.c.11.§.
676 970 715 1011 2.
749 983 775 1012 a
798 969 1007 1011 femininis
1037 969 1079 1010 in
1102 984 1155 1019 ας
1184 975 1222 1011 et
1253 985 1293 1019 ις
1322 968 1402 1011 duo
1423 966 1544 1010 modo
1573 980 1706 1024 eaque

228 1035 420 1080 obsoleta
451 1035 670 1091 Κηκαδεῖν
700 1035 919 1092 λοιδορεῖν
947 1033 1045 1076 Hes.
1077 1041 1115 1076 et
1151 1033 1478 1091 ἕριὸδήσασθαι
1506 1029 1595 1078 dm}
1628 1036 1708 1078 τοῦ
1727 1036 1728 1059 ἶ

230 1101 366 1159 ἐριδῶ
390 1100 488 1144 Sch.
513 1100 560 1143 ΙΙ.
583 1099 740 1143 XXIII.
757 1101 851 1143 792.
883 1113 963 1156 quo
988 1113 1071 1143 non
1094 1100 1323 1156 expeditior
1351 1105 1414 1142 est
1441 1099 1575 1143 altera
1601 1102 1705 1144 scri-

229 1174 350 1225 ptura
387 1163 706 1224 ἕριζήσασθαι,
747 1179 797 1209 ac
828 1168 865 1209 si
899 1164 1091 1220 χάζομαι
1129 1179 1212 1210 non
1252 1166 1361 1209 alius
1398 1172 1512 1209 esset
1540 1169 1706 1222 generis

230 1241 352 1291 atque
383 1230 531 1292 ἐρίζω,
561 1245 643 1275 non
675 1233 932 1276 incommode
969 1246 1058 1275 cum
1033 1232 1162 1297 —illo
1193 1233 1374 1276 conferri
1403 1239 1548 1300 posset
1576 1249 1706 1277 κεκα-

231 1300 367 1360 ὁήσω.
411 1301 721 1356 AdJectivorum
750 1315 834 1344 una
861 1303 1011 1359 positio
1038 1318 1089 1358 ης
1118 1301 1276 1358 aliquot
1303 1300 1435 1344 verba
1463 1304 1591 1353 etde
1609 1314 1706 1359 pro-

227 1368 398 1426 pagavit
436 1363 582 1424 ἇρκέω
615 1364 1222 1423 ν.Ρ31-ει11.162.ἆρτεμέω,
1262 1380 1342 1424 quo
1375 1365 1550 1411 Nounus
1581 1370 1708 1412 utitur

230 1434 307 1478 sed
337 1435 382 1476 in
410 1434 627 1490 participio
659 1433 792 1477 solum
809 1432 987 1476 XXXV.
1013 1433 1108 1477 387.
1142 1430 1316 1491 νρεμέω
1345 1446 1446 1477 vero
1477 1433 1531 1477 ab
1560 1429 1708 1492 ἤρεμα

231 1496 428 1558 (ἤρεμος)
457 1501 593 1556 potius
622 1513 743 1556 quam
766 1500 818 1543 ab
849 1496 1029 1557 ἢρεμής,
1059 1513 1137 1543 nec
1155 1499 1310 1556 σαφέω
1329 1499 1483 1556 legitur
1506 1501 1590 1544 nisi
1614 1514 1706 1544 cum

230 1566 539 1623 praepositione
576 1566 809 1623 copulatum
843 1564 1114 1622 ἅποσαφέω,
1152 1565 1398 1623 ὄιασαφέω.
1455 1565 1537 1610 Pro
1582 1563 1710 1610 ἐλατ-

230 1631 387 1681 τονέω,
418 1644 499 1688 quo
532 1633 754 1689 scriptores
783 1631 831 1674 V.
863 1638 903 1675 et
934 1630 984 1674 N.
1013 1631 1064 1673 T.
1093 1633 1160 1675 usi
1191 1637 1304 1683 sunt,
1333 1633 1523 1688 germani
1553 1632 1707 1677 Graeci

232 1695 426 1741 ἐλαττόω
448 1698 636 1741 dixerunt
655 1705 696 1741 ut
714 1695 917 1754 βελτιόω,
946 1695 1100 1752 μειόω.
1144 1698 1182 1741 Α
1202 1698 1509 1756 parasynthetis
1526 1711 1709 1742 nascun-

230 1771 295 1807 tur
332 1764 653 1807 innumerabilia
690 1762 910 1822 ἄδρανὲω,
958 1764 1193 1818 δυςτυχέω,
1238 1760 1446 1820 εὗμενὲω,
1481 1765 1707 1821 θυμηὸέω,

231 1830 554 1888 σπερμοφυέω,
600 1829 870 1884 κακοτυχὲω,
909 1830 1150 1888 σωφρονέω
1190 1837 1268 1874 etc.
1315 1831 1464 1888 quibus
1508 1831 1710 1875 accedunt

229 1897 450 1953 participia
470 1896 676 1940 defectiva
694 1896 992 1953 θυμηγερέων,
1024 1896 1282 1950 δυσμενέων,
1310 1897 1650 1954 μεθυσφαλέων.
1665 1900 1706 1952 ⁷)

232 1962 299 2004 Ab
325 1963 614 2006 indeclinabili
643 1976 765 2004 unum
798 1969 861 2004 est
891 1962 1210 2016 ἐπιπροσθεῖν,
1248 1964 1363 2018 cujus
1395 1965 1704 2020 antiquissimus

233 2035 379 2071 auctor
405 2028 619 2071 exhibetur
635 2027 959 2083 Theophrastus.
1003 2026 1096 2070 Jam
1119 2035 1161 2070 ut
1189 2028 1243 2070 ad
1268 2041 1468 2073 summam
1495 2031 1705 2073 institutae

232 2095 490 2150 quaestionis
519 2096 704 2144 veniam,
743 2093 1004 2136 manifestum
1041 2100 1104 2136 est
1135 2093 1356 2138 verborum
1393 2095 1515 2152 primi
1547 2095 1706 2140 ordinis

232 2173 259 2203 a
289 2159 504 2215 barytonis
540 2172 696 2217 pauca,
741 2172 767 2202 a
805 2159 1039 2202 nominibus
1077 2159 1203 2215 longe
1240 2156 1418 2217 plurima
1445 2164 1705 2219 processisse

229 2226 300 2269 via
333 2225 461 2283 plana
500 2232 540 2269 et
570 2226 740 2269 directa.
798 2224 1007 2269 Nonnulla
1042 2226 1179 2268 laxius
1211 2226 1457 2278 cohaerent,
1497 2234 1542 2271 ut
1572 2227 1703 2283 βινέω

231 2305 321 2336 cum
349 2291 510 2346 βαίνω,
552 2288 751 2349 ὀρεχθέω
780 2305 870 2334 cum
901 2289 1065 2348 ὅρέγω,
1104 2298 1143 2334 et
1174 2292 1490 2350 anthypotacton
1527 2296 1705 2352 βραχεῖν

321 2458 358 2502 7)
394 2459 517 2495 Semel
547 2458 698 2494 inventa
724 2457 930 2499 ἀσινέονιες
963 2460 998 2493 ἰη
1023 2458 1240 2494 Eusebianis
1264 2459 1367 2495 Stob.
1393 2459 1462 2496 Tit.
1485 2458 1619 2496 XLVI.
1646 2460 1703 2505 40,

230 2513 310 2549 310.
346 2519 385 2549 et
417 2516 743 2562 περισπερχέοντες
767 2515 906 2550 Herod.
932 2514 1196 2551 Valckenarius
1230 2516 1447 2562 proscripsit
1477 2516 1528 2551 illi
1563 2515 1704 2555 ἀσινέες

226 2566 327 2609 ”ντες
350 2570 589 2613 substituens,
615 2571 695 2606 hnic
719 2570 1220 2619 7169107180253611165·Qu0d
1244 2571 1612 2618 Schweighaueserus
1638 2584 1702 2618 op·

230 2626 332 2670 ponit
356 2638 379 2661 a
402 2625 647 2674 περισπερχής
661 2628 818 2663 derivaii
836 2628 999 2674 potuisse
1021 2630 1280 2674 περισπερχεῖν
1299 2633 1336 2661 ut
1353 2597 1412 2663 abe
1417 2625 1573 2674 ἀσελγης
1593 2627 1703 2663 ἀσελ-

228 2686 322 2726 γεῖν,
347 2683 439 2718 rati0
457 2690 511 2718 est
535 2681 722 2725 inefficax3
747 2694 830 2718 nam
845 2684 935 2718 haec
958 2683 1064 2718 aliter
1087 2682 1155 2717 dici
1182 2693 1253 2717 non
1271 2688 1475 2728 potuerunt,
1501 2694 1702 2732 περισπερ-

222 2742 307 2783 χεΐν
333 2750 421 2774 veno
446 2738 532 2774 nihil
558 2739 655 2774 aliud
681 2737 856 2784 significat
883 2750 987 2783 quam
1014 2728 1281 2786 περισπέῥχειι.
