1708 3126
445 182 550 227 CAP.
578 180 608 225 1.
669 179 740 224 DE
773 177 972 223 VERBIS
1003 176 1175 222 PURIS.
1489 179 1556 226 29

0 286 1 328 ³
70 306 119 346 '2>
152 296 341 353 lumea,
397 295 548 354 quibus
603 295 751 339 cadem
803 299 867 337 est
908 292 1074 337 reddita
1125 290 1382 349 impingendi
1425 290 1553 334 notio.

86 411 89 412 ⁷
140 390 144 401 ι
193 377 317 423 quam
345 369 558 422 promptus
588 363 643 406 sit
670 375 746 418 per
776 374 920 405 omnes
949 373 1079 404 sonos
1107 361 1226 403 vocis
1257 371 1426 411 cursus,
1465 371 1557 402 ma-

68 441 111 473 ³1
136 446 176 477 e
216 437 391 490 apparet
428 443 480 474 ex
517 430 732 473 derivatis.
790 427 978 486 Namque
1017 440 1252 483 synonyma
1280 434 1375 470 sunt
1403 425 1558 483 ψακάς

136 497 272 559 ψιάς,
300 493 390 556 ψιά
420 505 462 541 et
489 499 670 556 ψῆφος,
704 493 860 552 ψιλός,
895 494 1040 553 ψηνός
1070 501 1112 537 et
1139 491 1320 551 ψεὸνός,
1349 507 1447 537 nam
1469 501 1557 551 ψη-

120 566 171 622 ’ς
209 569 292 613 dici
333 581 420 613 non
461 568 592 625 potuit
630 568 730 623 quia
759 557 839 622 ἦῖ
869 580 954 610 non
992 565 1304 622 praemittuntur
1344 564 1555 607 consonis.

70 630 74 632 Ἴ
171 635 346 681 voc-ales
389 635 497 679 ultro
542 635 728 690 citroque
773 640 1005 677 commeant
1047 633 1195 690 partim
1240 631 1556 675 commutandae

46 741 62 759 Ἰ.
87 724 129 756 ew,
151 703 380 754 mentioni,
411 703 520 746 alias
551 701 668 745 nulla
698 701 838 758 palam
868 714 1012 744 causa.
1074 699 1166 752 Quo
1194 699 1290 743 loco
1322 712 1403 742 uon
1433 711 1558 756 prae-

143 771 272 815 unda
308 777 372 814 est
400 770 551 814 literae
581 771 670 813 iota
697 768 766 813 vel
803 767 1041 825 epenthesis
1070 767 1140 811 vel
1169 768 1401 811 exaeresis.
1459 764 1559 810 Ete-

50 892 54 896 ⁴
81 839 154 883 im
182 835 350 897 φιαρός
367 836 464 880 EM.
497 850 524 880 a
541 834 661 894 φάος
687 837 849 893 repetit,
882 836 993 892 quod
1022 835 1102 878 hoc
1130 835 1300 878 facilius
1331 835 1559 892 accipimus

66 909 170 965 quia
186 904 420 962 Hesychius
449 905 662 961 φαρῢναι,
691 905 906 959 φαριῦσαι
935 910 976 945 et
1006 903 1224 959 φιαρῦναι
1251 901 1400 944 eodem
1427 901 1559 945 verbo

106 974 324 1031 μπρῦναι
354 971 548 1028 explicat.
605 968 656 1013 Et
674 969 785 1026 quod
813 969 924 1012 idem
952 969 1080 1013 refert
1102 965 1396 1026 Χνιαρώτερα
1421 966 1562 1023 χνοιό-

20 1050 25 1067 “
66 1052 178 1097 Ἦρα
206 1041 307 1094 (scr.
339 1038 644 1095 χνοωδέστερα
672 1037 742 1081 vel
771 1027 1064 1093 εὒχνοῶτερα)
1096 1042 1207 1080 certe
1237 1049 1262 1080 a
1289 1038 1420 1090 χνοῦς
1450 1037 1560 1080 deri-

60 1114 208 1153 vatum
237 1113 314 1158 est,
345 1105 426 1150 hoc
457 1112 595 1149 autem
623 1118 650 1148 a
678 1104 808 1148 verbo
843 1102 975 1157 κνάω,
1006 1105 1114 1148 unde
1146 1102 1266 1156 κόνις
1292 1111 1405 1147 terra
1432 1104 1561 1148 friata

30 1175 136 1233 {nt
156 1170 349 1232 ψαμμός
387 1186 415 1217 a
450 1170 558 1230 ψάω
589 1173 688 1227 frio)
720 1179 762 1216 et
799 1175 929 1223 κνοῦς
964 1173 1052 1216 sive
1085 1174 1226 1226 χνοῦς.
1249 1175 1320 1227 ⁴⁹)
1368 1171 1561 1229 ,Μναρός

0 1248 24 1253 ’
53 1238 274 1300 ’μαλακός
301 1238 409 1300 ἡδύς
425 1239 526 1284 Hes.
560 1240 664 1283 nihil
695 1240 812 1284 aliud
837 1240 1002 1283 videtur
1030 1253 1154 1297 quam
1182 1237 1374 1299 μνιαρός
1398 1248 1563 1284 exemta

0 1360 2 1362 ,
51 1300 230 1360 fvocali,
269 1321 378 1366 quae
414 1309 623 1365 primitivo
660 1306 787 1362 μνίον
826 1321 993 1352 muscus
1017 1311 1082 1361 ⁵⁰)
1121 1308 1284 1364 penitus
1322 1307 1450 1351 infixa
1485 1316 1562 1360 est,

8 1367 330 1434 &eandemque
362 1377 579 1420 exaeresis
614 1377 799 1432 speciem
838 1376 1013 1433 praehet
1042 1372 1251 1433 Μνάριον
1287 1373 1338 1418 τὸ
1377 1374 1562 1420 κάλλυν-

28 1452 178 1504 [τερον
203 1443 304 1488 Hes.
344 1443 424 1488 hoc
464 1449 528 1487 est
565 1444 744 1500 spongia
772 1443 978 1496 deletilis3
1019 1443 1095 1486 sed
1124 1455 1218 1486 eam
1255 1443 1448 1486 vocalem
1477 1457 1563 1489 non

20 1519 222 1576 §guimara
262 1513 407 1556 inesse
453 1518 627 1570 apparet
664 1525 716 1554 ex
754 1524 986 1567 synonymo
1020 1512 1168 1565 μνοῦς.
1228 1509 1351 1554 Haud
1389 1513 1562 1569 perinde

36 1573 215 1625 ‘facilis
247 1586 312 1624 cst
341 1578 584 1635 dijudicatio
623 1578 921 1634 adjectivorum
950 1575 1089 1636 λαρός
1118 1584 1159 1620 et
1185 1576 1362 1633 λιαρός,
1398 1579 1566 1636 χλαρός

12 1613 54 1699 ,ἒς
73 1655 116 1692 et
140 1645 339 1702 χλιαρός,
370 1646 422 1689 de
453 1659 625 1703 quorum
657 1652 698 1688 et
731 1645 1038 1701 significatione
1069 1651 1110 1688 et
1139 1645 1397 1689 derivatione
1415 1646 1566 1690 Gram-

26 1726 39 1747 2·
74 1715 217 1759 matici
244 1713 549 1758 incredibiliter
579 1712 833 1756 discordant.
891 1711 1055 1770 Λαρός
1087 1707 1198 1769 ἡδύς
1234 1709 1567 1766 ἀπολαυστικός

31 1820 38 1837 ·,
74 1779 170 1829 ἀπὸ
201 1782 283 1825 τοῦ
319 1777 415 1824 mco
446 1781 528 1823 τοῦ
562 1779 685 1824 θέλω
718 1778 817 1822 Sch.
850 1778 993 1836 Apoll.
1024 1778 1055 1820 I.
1088 1779 1185 1822 659.
1222 1778 1321 1823 Sch.
1353 1779 1400 1823 ll.
1431 1779 1565 1825 XVII.

27 1838 46 1920 3
73 1849 174 1895 572.
235 1846 419 1906 Λιαρὸν
457 1842 619 1903 γλαγος
656 1844 706 1889 τὸ
747 1844 940 1903 λιπαρόν
980 1845 1080 1890 Sch.
1121 1844 1225 1904 Opp.
1264 1845 1358 1890 Hal.
1388 1847 1439 1893 II
1467 1848 1564 1892 405.

11 1891 48 2046 ξ
74 1910 212 1975 οὖρος
230 1910 427 1972 λιαρὸς’
412 1910 440 1972 ἢ
466 1911 697 1970 χλιαρὸς
681 1931 707 1970 η
739 1911 913 1996 ὁμαλος
942 1909 1035 1957 ἀπὸ
1067 1916 1148 1958 τοῦ
1178 1915 1298 1958 λεῖον
1327 1914 1377 1959 τὸ
1398 1912 1568 1971 ὁμαλόν

16 2027 17 2030 ,
76 1981 178 2028 Sch.
211 1979 289 2026 Od.
309 1979 358 2024 V.
381 1981 479 2025 268.
509 1980 714 2039 λιαρὸς”
697 1979 837 2033 ὕπνος
865 1978 894 2038 ἢ
925 1977 950 2024 ὁ
983 1978 1200 2038 θερμός’
1187 1978 1214 2039 ἦ
1244 1999 1267 2024 ο
1301 1979 1411 2039 ἡδύς
1440 1984 1567 2042 παρὰ

0 2027 38 2079 ³3
73 2051 126 2098 τὸ
158 2049 288 2096 ἶαινω
318 2052 588 2109 πλεονασμῷ
615 2053 697 2095 τοῦ
725 2053 768 2102 λ,
800 2047 827 2108 ἢ
857 2047 880 2093 ὁ
913 2049 1051 2107 λαρος
1081 2051 1411 2104 πλεονάσαντος
1438 2057 1520 2098 τοῦ
1552 2072 1569 2098 ι

0 2117 26 2166 ².
78 2118 191 2165 κατὰ
218 2117 323 2170 τοὺς
349 2116 710 2169 παλαιοίςΕηεῐ.
727 2117 825 2169 974,
852 2117 922 2161 27.
953 2120 1021 2175 qui
1052 2118 1132 2162 hoc
1162 2121 1328 2163 nomine
1361 2121 1571 2176 significat

75 2186 361 2232 Scholiastam
397 2185 450 2229 ad
471 2184 519 2228 ΙΙ.
535 2184 648 2230 XIV.
666 2185 761 2230 164.
827 2184 890 2229 Τὸ
920 2184 1077 2242 λιαρός
1107 2184 1186 2229 οὗκ
1215 2184 1308 2230 ἀπὸ
1339 2191 1419 2231 τοῦ
1444 2190 1571 2243 χλια-

75 2254 171 2313 ρός,
199 2252 263 2306 ὥς
289 2268 415 2304 τινες,
447 2249 561 2296 ἀλλὰ
591 2253 719 2311 παρὰ
747 2252 798 2297 τὸ
826 2251 907 2297 λίω
937 2251 988 2295 τὸ
1014 2256 1345 2311 προθυμοῦμαι
1359 2253 1455 2298 ΕΜ.
1472 2256 1570 2306 872,

0 2322 37 2375 ,ἶ
76 2322 147 2366 32.
178 2321 247 2365 cui
283 2321 490 2364 consentit
517 2318 814 2376 Theognostus
853 2334 891 2377 p.
926 2319 1021 2363 147.
1060 2319 1110 2364 τὸ
1141 2319 1222 2364 λίω
1256 2320 1330 2366 καὶ
1359 2323 1444 2366 λιιῦ
1474 2320 1566 2368 ἀπὸ

20 934 27 967 l

6 2489 35 2502 ι
167 2446 229 2492 49)
262 2448 418 2495 Μαρίλη
443 2444 463 2481 ὃ
480 2446 599 2492 χνοῦς
622 2446 696 2481 τῶν
724 2440 928 2493 ἀνθράκων
951 2445 1061 2482 Phot.
1110 2446 1212 2482 Idem
1239 2459 1368 2483 sonum
1392 2447 1572 2496 significat

24 2541 26 2546 ,
77 2504 137 2552 qui
153 2503 298 2540 friando
317 2500 484 2547 efficitur,
512 2502 623 2549 vulgo
643 2507 763 2537 antem
788 2502 835 2536 de
859 2502 1026 2549 lanugine
1051 2503 1199 2548 dicitur3
1218 2507 1342 2550 χνοῦν
1363 2508 1427 2540 καὶ
1449 2509 1572 2550 μνοῦν

6 2573 42 2623 ,ιῖ
78 2562 143 2599 ἐπὶ
165 2563 239 2598 τῶν
261 2561 442 2607 μαλακῶν
466 2562 584 2599 εἴποις
607 2555 656 2594 ι’έν
679 2559 777 2595 Poll.
804 2559 851 2595 X.
876 2558 933 2594 38.

27 2621 40 2663 ἦ
78 2669 125 2675 -
172 2618 235 2664 50)
268 2617 404 2664 Latini,
427 2618 487 2664 qui
511 2618 646 2654 nullam
670 2630 800 2655 vocem
825 2630 848 2653 a
869 2608 935 2653 'ui—n
956 2618 1157 2664 ordiuntur,
1182 2620 1381 2655 omiserunt
1404 2633 1572 2668 graecum

28 2671 39 2699 ‘⁷
77 2690 150 2726 πμ
184 2677 390 2714 terminatio
414 2677 496 2713 huic
519 2678 680 2713 sermoni
706 2678 857 2724 propria
882 2682 938 2712 est
961 2682 1055 2724 μυῖα
1079 2689 1222 2722 musca,
1250 2676 1366 2727 βρύον
1391 2680 1571 2726 bruscum,

79 2732 191 2784 φαιός
219 2733 352 2772 fuscus.
402 2734 640 2771 Substantivo
677 2738 793 2782 μνίον
828 2733 1036 2780 appositum
1071 2741 1129 2772 est
1168 2734 1390 2781 adjectivum
1422 2735 1529 2786 μνιός
1551 2752 1571 2775 ο

8 2819 15 2828 -,
38 2799 41 2801 ’
79 2789 224 2833 ἁπαλός
245 2791 409 2839 Theogn.
436 2789 571 2839 μνοιόν
595 2789 636 2828 τὸ
663 2788 832 2839 μαλακόν
857 2791 947 2829 Hes.
