1708 3126
206 197 270 242 30
663 188 1130 233 DISSERTATIO
1175 190 1204 234 l.

203 309 282 350 τοῦ
313 307 375 348 λῶ
400 303 581 359 γέγονεν,
613 299 686 359 ἀφ’
721 296 772 344 οὗ
803 301 876 345 καὶ
904 301 953 345 τὸ
983 301 1158 360 λιαρόν·
1178 308 1243 356 ⁵¹)
1274 302 1330 347 τὰ
1359 302 1443 361 γὰρ
1472 308 1678 364 προσηνῆ
1705 283 1708 319 1

205 369 388 427 θελητά.
447 369 660 412 Postremo
699 367 840 411 Schol.
878 368 995 412 Pind.
1031 368 1147 425 Pyth.
1178 368 1251 412 IX.
1280 369 1348 414 66.
1383 368 1547 431 χλαρόν
1581 368 1678 416 ἀντὶ

203 442 283 483 τοῦ
316 433 497 492 χλιαρόν
536 434 647 478 κατὰ
684 433 952 491 συναίρεσιν,
988 438 1056 492 qui
1094 438 1314 480 exaeresin
1350 437 1489 482 dicere
1519 440 1679 482 veritus

206 513 269 549 ost
297 506 395 561 quia
422 500 586 560 χλαρός
612 503 783 557 primam
815 501 1022 556 syllabam
1051 504 1258 560 producit,
1295 501 1480 562 χλιαρός
1507 507 1676 561 saepius

206 573 386 628 corripit.
447 569 555 621 Quid
582 570 624 611 in
652 568 717 610 his
749 570 964 612 sententiis
993 570 1145 613 salsum
1176 573 1229 614 sit
1247 571 1416 615 facilius
1446 577 1510 615 est
1537 571 1678 614 dicere

206 653 328 697 quam
348 638 445 695 quid
472 649 625 680 verum.
686 634 733 678 Si
755 649 842 679 rem
872 637 924 678 ad
954 636 1073 693 leges
1094 637 1396 694 etymologicas
1418 649 1678 689 revocamus,

206 706 309 749 nihil
357 704 579 760 quidquam
629 702 767 746 obstat
816 705 1032 759 quominus
1074 702 1212 762 λαρός
1250 717 1276 748 a
1306 702 1401 749 λάω
1436 701 1679 763 productum

206 780 434 816 statuamus
466 777 508 813 ut
548 783 574 813 a
612 767 701 813 νάω
736 768 887 826 ναρός,
927 784 953 813 a
985 769 1092 825 χλίω
1122 784 1223 815 vero
1257 769 1440 830 χλιαρός
1481 779 1524 816 ut
1551 769 1678 830 φλύω

206 836 408 897 φλυαρός
445 851 482 881 v.
512 836 706 892 Prolegg.
735 836 833 880 257.
892 835 978 880 Sed
1018 838 1334 893 significationis
1371 851 1503 884 causa
1542 836 1681 896 λαρός

207 915 248 950 et
276 905 384 962 quod
411 904 615 946 Pindarus
645 905 858 959 usurpavit
893 902 1056 962 χλαρός
1086 909 1222 960 magis
1252 919 1343 949 cum
1369 903 1552 965 χλιαρός
1580 917 1680 948 con-

205 974 317 1017 venit
350 971 459 1028 quod
500 984 526 1013 a
562 977 704 1026 tepore
738 971 984 1014 transfertur
1023 971 1074 1014 ad
1104 985 1173 1014 res
1203 985 1310 1028 quae
1354 985 1444 1016 cum
1474 973 1690 1016 suavitate*

208 1041 261 1083 ad
292 1052 440 1082 sensus
472 1037 653 1080 affluunt.
711 1037 746 1079 A
778 1035 959 1094 χλιαρός
989 1040 1086 1082 oriri
1117 1040 1302 1095 potuisse
1329 1036 1487 1095 λιαρός
1510 1039 1680 1083 demon-

206 1113 336 1151 strant
350 1105 480 1149 verba
505 1104 556 1147 ab
573 1103 782 1158 Hesychio
808 1103 943 1146 relata
964 1102 1173 1161 Ἐλιάνθη
1203 1103 1427 1163 ἐχλιάνθη,
1455 1104 1692 1167 Λελιήτοιιἡ

207 1174 518 1231 τεθέρμανται.
578 1170 662 1213 Sed
687 1171 754 1214 hic
782 1184 851 1213 res
882 1172 924 1213 in
949 1184 1041 1214 eum
1065 1171 1242 1215 deducta
1271 1179 1334 1215 est
1362 1172 1500 1216 locum
1528 1179 1572 1216 ut
1601 1172 1681 1216 ali-

208 1242 305 1299 quid
337 1241 386 1284 de
419 1239 733 1283 consonantium
762 1237 1047 1281 affectionibus
1078 1238 1294 1282 dicendum
1324 1240 1390 1282 sit.

319 1308 356 1363 §.
385 1307 425 1350 9.
483 1305 662 1347 Primum
685 1311 828 1361 tropae
855 1305 1082 1362 exemplum
1105 1319 1263 1348 sumam
1286 1305 1338 1349 ab
1364 1304 1459 1348 EM.
1481 1305 1586 1361 200,
1609 1305 1678 1349 43.

205 1373 405 1430 βλιμάζω
444 1372 569 1428 παρὰ
609 1370 658 1415 τὸ
697 1370 843 1426 &Mem
884 1368 943 1423 ὡς
985 1371 1058 1415 καὶ
1097 1369 1218 1427 βλύω
1257 1371 1428 1428 λέγεται
1470 1371 1595 1431 παρὰ
1629 1371 1680 1418 τὸ

206 1440 350 1499 φλύω.
408 1439 562 1483 Horum
606 1444 818 1494 utrumque
863 1451 962 1481 suos
1007 1438 1132 1481 habet
1174 1445 1213 1482 et
1250 1441 1440 1496 proprios
1481 1441 1682 1484 terminos

206 1521 339 1565 neque
374 1514 513 1550 tamen
550 1506 610 1548 ita
651 1505 877 1560 disjunctos
914 1512 956 1548 ut
991 1505 1164 1548 alterum
1204 1518 1279 1562 pro
1320 1505 1452 1550 altero
1489 1506 1681 1550 substitui
1695 1548 1708 1571 .÷

205 1589 290 1619 non
327 1575 481 1632 possit3
532 1574 575 1614 in
618 1571 740 1614 Anth.
781 1569 863 1614 VII.
901 1572 996 1614 351.
1047 1569 1199 1629 φήμην
1242 1571 1454 1629 στυγερὴν
1494 1571 1682 1631 ἔφλυσεν

199 1639 470 1698 Ἀρχίλοχος,
507 1639 582 1682 sed
622 1640 665 1680 in
698 1639 883 1695 proximo
913 1639 1208 1695 epigrammate
1237 1638 1333 1682 352.
1368 1636 1547 1699 γλώσσῃ
1573 1637 1683 1684 ἄθε-

206 1709 380 1762 μίστιον
411 1703 589 1761 ἔβλυσεν
618 1704 765 1762 ὕβριν,
805 1707 1060 1760 antiquiores
1087 1718 1208 1756 vero,
1249 1718 1353 1762 quos
1389 1707 1598 1750 nominavi
1628 1707 1682 1750 ad

204 1774 352 1817 Buttm.
390 1772 488 1815 381.
531 1771 659 1828 ὓβριν
696 1768 975 1828 ἇποφλύσαι.
1034 1771 1171 1815 Λαύω
1211 1771 1260 1816 τὸ
1301 1771 1413 1817 καίω
1451 1774 1506 1826 (v.
1547 1774 1582 1830 §.
1619 1774 1683 1827 2.)

205 1847 370 1898 propter
402 1839 610 1896 primitiva
649 1835 742 1880 ὁάω
778 1835 929 1891 (donico)
975 1844 1015 1880 et
1059 1835 1152 1881 αἷίω
1191 1838 1413 1895 ambigitur
1451 1845 1586 1883 utrum
1627 1840 1682 1884 ad

205 1906 441 1964 prosthesin
473 1905 621 1948 referri
659 1910 844 1961 oporteat
880 1917 931 1947 an
969 1905 1022 1947 ad
1054 1905 1290 1961 enallagen.
1348 1905 1500 1950 Verum
1539 1913 1683 1965 aperta

206 1974 325 2029 hujus
366 1974 490 2028 signa
527 1984 627 2028 prae
666 1984 712 2013 se
749 1971 884 2013 ferunt
919 1970 1045 2014 Ζεύω
1083 1971 1131 2014 τὸ
1171 1971 1285 2027 γεύω
1324 1971 1398 2016 καὶ
1437 1970 1683 2026 ζεύσασθαι

206 2039 257 2083 τὸ
295 2036 546 2094 γεύσασθαι
585 2036 679 2080 ΕΜ.
723 2051 807 2081 non
844 2037 1052 2081 diversum
1094 2038 1276 2082 fortasse
1320 2051 1346 2082 a
1385 2037 1499 2083 δεύει)
1535 2041 1680 2096 irrigo,

207 2102 372 2162 διερός,
413 2102 494 2160 δύη
535 2118 572 2147 v.
611 2105 646 2159 ς.
675 2104 714 2146 6.
763 2104 1092 2161 quandoquidem
1130 2118 1256 2162 sapor
1298 2112 1337 2149 et
1376 2101 1500 2166 &rco'g
1532 2121 1682 2152 succus

207 2178 247 2215 et
272 2185 317 2215 re
337 2179 377 2214 et
401 2184 505 2214 voce
522 2173 779 2214 conveniunt.
797 2174 866 2225 ⁵²)
908 2171 1077 2214 Vocalis
1104 2185 1227 2228 quam
1254 2171 1354 2216 laxa
1379 2172 1515 2225 fuerit,
1546 2177 1682 2233 arguit

206 2251 358 2282 nomen
388 2238 537 2292 Γέσμα
566 2240 704 2293 γεῦμα
734 2237 831 2281 Hes.
864 2245 904 2282 et
931 2238 1101 2281 latinum
1125 2245 1291 2295 gustus,
1321 2238 1548 2295 degunere,
1573 2233 1682 2298 jeJu-

207 2318 305 2355 nus,
333 2305 508 2360 Jentare.
569 2303 781 2348 Testatius
819 2312 881 2348 est
918 2306 1035 2364 φλᾷν
1065 2301 1261 2354 ἄττικόν,
1303 2305 1420 2364 θλᾷν
1459 2305 1682 2365 ἓλληνικόν

297 2472 358 2517 51)
388 2472 494 2511 Quae
522 2473 688 2518 proxime
718 2478 917 2518 sequnntur
939 2473 1054 2509 verba
1085 2468 1135 2512 ὥς
1157 2474 1219 2508 καὶ
1248 2470 1288 2509 τὸ
1308 2475 1414 2519 χαλῶ
1438 2473 1599 2524 χαλερόν
1624 2486 1681 2511 re·

206 2529 388 2564 movenda
410 2535 494 2565 sunt
525 2529 572 2564 ad
597 2528 707 2565 finem
731 2530 891 2574 adhibita
916 2530 1141 2567 correctione
1167 2525 1188 2575 ἢ
1214 2527 1316 2578 παρὰ
1349 2529 1387 2565 τὸ
1409 2529 1540 2577 χαλάω
1558 2534 1680 2578 χαλα-

207 2583 283 2632 ρόν.
331 2586 394 2621 Sic
430 2586 525 2621 enim
559 2587 682 2623 Schol.
714 2587 819 2623 Pind.
851 2587 895 2623 P.
922 2586 986 2623 IX.
1009 2587 1065 2622 65.
1099 2583 1255 2635 χλιαρόν
1287 2596 1380 2633 φησι
1413 2587 1452 2624 τὸ
1488 2587 1584 2625 πολὺ
1616 2592 1679 2625 καὶ

205 2644 489 2689 κεχαλασμένον.

300 2710 359 2753 52)
392 2710 595 2756 Hesychius
630 2715 760 2758 Χυμοί
792 2710 952 2758 γεύσεις,
987 2710 1116 2758 Χυμός
1148 2712 1284 2756 σίελος,
1319 2710 1438 2749 saliva
1468 2715 1586 2748 autem
1609 2720 1678 2757 pro

210 2776 344 2810 sapore
368 2766 503 2802 (licitur.
