1728 3120
225 184 324 232 248
668 172 1135 220 DISSERTATIO
1179 172 1270 216 XV.

231 291 376 350 γηρύω
413 297 551 332 natum
591 290 864 344 suspicantur.
915 284 1120 338 Ἀμύσσω
1157 285 1395 330 Eustathius
1422 286 1520 339 924,
1547 286 1616 330 41.
1647 287 1676 330 a'

232 356 351 412 ἇμιῦ,
377 355 472 398 ΕΜ.
507 355 559 398 ab
587 350 718 409 αἷμα,
751 355 825 398 alii
857 353 908 397 ab
943 350 1097 407 αἷμός,
1135 353 1243 396 unde
1284 350 1502 406 afhamon
1538 351 1701 403 ductur‘v

231 429 385 480 putant,
416 435 587 479 quorum
615 421 718 464 nihil
749 422 852 464 satis
873 419 1087 476 probatum
1117 427 1211 462 est.-
1250 418 1338 462 Sed
1361 420 1485 464 venio
1512 432 1620 484 agne
1647 417 1702 463 ad

231 491 414 534 ultimam
438 491 667 534 vocalium:
703 490 770 533 Τὰ
790 488 864 532 διὰ
893 490 970 531 τοῦ
995 503 1124 532 ωσσω
1154 485 1300 532 πάντα
1320 487 1396 532 διὰ
1422 490 1503 534 τοῦ
1532 504 1568 531 ω
1597 487 1680 544 γρά
1699 502 1705 534 ς

233 573 366 616 φεται
396 555 610 608 πτώσσω,
641 555 818 614 ρώσσω,
853 551 1146 609 ἅμβλυώσσω,
1177 552 1446 612 τυφλώσσω.
1477 549 1705 612 ιῗιγρώσσιυ,Ἰ

232 620 464 671 ὑπνώσσει),
496 623 718 676 λιμώσσω,
749 619 927 665 νεώσσω
960 620 1148 676 Theogn.
1177 619 1226 662 ll.
1259 620 1354 664 143.
1385 620 1532 678 quibus
1561 620 1691 663 desun⁴

234 704 317 733 non
355 702 511 746 pauca3
550 692 722 747 primum
755 686 1004 745 Ἀκριόσσει
1044 683 1283 742 ἀκροᾶται,
1328 684 1438 730 ἑκών
1474 683 1552 741 οὐχ
1589 683 1684 729 ὖπα

237 755 370 807 κούει,
401 759 716 813 πρσςποιεῖται
737 754 832 797 Hes.
862 754 970 810 quod
1001 755 1119 810 quasi
1146 753 1434 797 deminutivum
1465 753 1546 797 dici
1576 758 1691 809 potes-

235 822 352 866 verbi
396 821 675 878 ἀκροᾶσθαι,
720 829 760 864 et
797 818 1038 864 Ἀλεώσσει
1078 818 1312 876 μωραίνει,
1355 827 1440 864 tum
1484 818 1711 876 ἲδριόττειν

239 891 400 943 (omiss.
433 890 476 931 in
512 887 608 940 Th.)
651 888 798 932 Galen.
839 887 993 931 Comm.
1018 885 1088 928 ΙΙΙ.
1126 884 1292 943 Prorrh.
1320 900 1360 943 p.
1384 886 1479 930 778.
1515 885 1566 929 Τ.
1597 883 1713 928 XVI&

239 954 337 998 Sch.
378 955 505 998 Arist.
533 954 666 998 Rann.
697 957 792 998 236.
834 951 1087 1008 ἷκτερώσσω
1122 953 1150 994 i.
1179 966 1217 1008 q.
1256 949 1515 1009 ἶκτεροῦμαι
1542 953 1641 1006 (om.
1667 954 1711 995 in

240 1021 334 1074 Th.)
367 1020 503 1064 Cram.
533 1020 663 1078 Epim.
695 1021 725 1063 Ι.
755 1022 823 1064 26.
857 1034 954 1063 nam
986 1021 1047 1063 sic
1082 1018 1344 1062 scribendum
1383 1026 1446 1063 est
1475 1032 1550 1077 pro
1590 1016 1712 1061 ἱκτα-

241 1085 418 1144 ριόσσω,
453 1094 661 1144 postremo
697 1085 942 1143 κρυμώσσω
971 1093 1011 1128 et
1039 1083 1288 1143 ὃφρυώττω
1317 1082 1715 1143 ὕπερηφανεύομαι

228 1153 394 1197 Zonar.
429 1153 552 1197 1490.
599 1156 664 1198 cui
710 1154 820 1197 idem
862 1152 1003 1196 valent
1048 1148 1287 1208 ὃφρυάζειν
1329 1158 1371 1195 et
1412 1142 1717 1209 ὄφρυὸῦσθαι,Ἰ

240 1226 447 1278 postremo
489 1219 745 1275 κικυμώττω
784 1233 810 1262 a
850 1216 1022 1270 κικυμίς
1064 1217 1132 1261 vel
1175 1216 1362 1275 κικκάβη
1407 1218 1634 1261 derivatum
1675 1222 1717 1260 et

242 1284 555 1341 τιθαιβώσσω,
594 1287 702 1343 quod
741 1300 815 1343 per
853 1287 1017 1339 ignotos
1055 1285 1241 1327 tramites
1281 1298 1307 1327 a
1334 1281 1440 1328 θάω
1477 1285 1612 1327 nutrio
1643 1283 1716 1326 de-

244 1353 407 1396 ductum
435 1353 607 1395 videtur.
633 1357 698 1406 ¹³)
757 1352 995 1395 Ceterorum
1027 1353 1145 1407 origo
1176 1350 1456 1402 manifestior,
1485 1350 1555 1395 vel
1587 1363 1614 1393 a
1639 1362 1717 1393 no-

242 1419 419 1462 minibus
440 1426 484 1461 ut
514 1432 540 1461 a
566 1416 779 1473 βούλιμος
805 1415 1091 1473 βουλιμώττω
1119 1423 1159 1460 et
1186 1418 1403 1471 βουλιμιῶ
1430 1417 1499 1461 vel
1529 1429 1556 1460 a
1578 1416 1694 1460 verbi

245 1483 389 1540 ἆγνοῶ
417 1481 649 1539 ἀγνώσσω,
685 1480 920 1542 ἀκροῶμαι
958 1481 1197 1540 ἀκρώσσω,
1229 1480 1352 1540 ἆγρῶ
1377 1480 1611 1542 ἂγρώσσω,
1650 1481 1728 1542 vel³

245 1552 432 1607 utrinque
478 1557 573 1607 apta
621 1549 780 1604 λαιμός
824 1551 971 1605 λαιμῶ
1018 1547 1217 1603 λαιμάζω
1260 1547 1494 1604 λαιμάσσω
1537 1556 1578 1593 et
1625 1551 1728 1594 Zon-

245 1614 423 1671 μώσσω.

359 1685 396 1740 §.
425 1684 465 1728 4.
523 1684 627 1728 Num
659 1676 815 1729 Graeci
849 1686 992 1729 eadem
1030 1685 1161 1729 verba
1189 1687 1231 1728 in
1267 1676 1362 1729 oct—w
1389 1691 1431 1729 et
1460 1677 1562 1730 ‹rx—w
1581 1688 1721 1730 termi-

247 1754 349 1794 nare
378 1751 535 1795 licitum
564 1752 782 1796 habuerint
812 1753 993 1796 difficilis
1020 1759 1083 1795 est
1112 1753 1294 1807 cognitio
1321 1758 1488 1809 propter
1508 1754 1728 1799 raritatem

249 1818 539 1875 exemplorum
587 1818 650 1862 De
670 1819 843 1870 duobus,
875 1833 980 1876 quae
1003 1819 1055 1862 ad
1075 1817 1221 1862 Buttm.
1243 1832 1280 1875 p.
1297 1818 1364 1862 60.
1390 1821 1575 1876 apposui,
1594 1830 1728 1863 unum}

249 1881 460 1928 ἆλθέσσω
490 1892 529 1928 et
557 1882 771 1943 ἆλθήσκω
802 1888 968 1942 parcius
999 1886 1154 1942 legitur
1185 1898 1307 1941 quam
1337 1885 1392 1928 ad
1418 1871 1728 1942 (Ιῇιιιὶἰιιιιιιᾶιιιιι1

250 1952 354 1992 satis
384 1957 469 2001 est·
507 1965 581 2007 pro
619 1951 830 1995 homerico
861 1952 1068 1995 ἐπίνυσσε
1097 1951 1346 2006 Hesychium
1385 1951 1590 1997 ἕπίνυσκε
1619 1954 1728 1999 scri-5

251 2023 360 2072 ptum
398 2017 609 2059 invenisse
655 2017 941 2059 animadvertit
978 2016 1248 2059 Ruhnkenius
1288 2017 1363 2074 Ep.
1392 2018 1460 2061 37.
1501 2018 1644 2064 Schol.
1663 2013 1728 2084 ng

251 2080 342 2124 XV.
370 2081 436 2123 10.
487 2077 811 2138 Ἀριστοφάνης
852 2084 933 2139 κῆρ
973 2078 1251 2124 ἆπινύσκων·
1293 2079 1316 2125 ὃ
1354 2082 1403 2126 δὲ
1437 2078 1728 2143 ,Ἀρίσταρχοςῖ

255 2151 328 2193 καὶ
363 2148 407 2193 ἐν
428 2146 666 2206 Ὀδυσσείᾳ
697 2148 771 2192 διὰ
809 2152 895 2192 τῶν
925 2148 1003 2192 δύο
1034 2165 1100 2193 σσ
1152 2147 1470 2205 Ἔξαμβλώσκω
1498 2165 1521 2195 e
1549 2145 1728 2198 Dioscoss

253 2216 343 2258 ride
386 2215 501 2258 attuli
543 2215 595 2258 ad
625 2214 775 2271 Phryn.
803 2216 900 2259 210.
939 2229 1018 2272 quo
1057 2217 1182 2260 multo
1218 2217 1471 2274 frequentius
1502 2226 1566 2263 est
1595 2211 1728 2338 &gapt-i

253 2279 446 2336 βλώττω,
478 2278 732 2336 ἆμβλώττω,
765 2281 1004 2337 ἇμβλίσκω
1062 2280 1294 2326 Σελάσκων
1322 2282 1511 2338 λάμπων
1538 2281 1716 2343 Theogni

256 2347 393 2391 Gram.
425 2347 474 2390 II.
505 2348 572 2399 ll,
603 2347 669 2392 18.
699 2356 865 2392 rectene
898 2350 1089 2407 scriptum
1120 2350 1174 2392 sit
1203 2362 1256 2392 an
1282 2363 1356 2407 pro
1384 2349 1622 2406 σελάσσων,
1653 2355 1727 2397 du-

256 2414 368 2458 bium
406 2414 541 2458 reddit
583 2414 795 2473 multiplex
839 2415 1163 2470 antecedentium
1209 2418 1437 2475 corruptio:
1482 2418 1660 2474 σέβετος
1699 2417 1724 2464 o‘

352 2573 408 2618 13)
444 2573 484 2609 ln
519 2572 682 2620 Theogn.
717 2574 834 2610 Cram.
859 2574 904 2610 11.
935 2573 996 2618 10,
1018 2572 1077 2609 22.
1108 2573 1167 2609 ubi
1203 2580 1388 2610 enumerat
1420 2575 1601 2611 vocabula
1635 2587 1728 2622 quae

259 2632 516 2679 diphthongum
537 2623 582 2667 ἶκῖ
610 2632 645 2667 in
670 2632 785 2678 prima
815 2633 950 2669 habent
982 2634 1015 2669 εἰ
1037 2632 1079 2668 δὲ
1112 2633 1180 2677 (ἔτι
1202 2633 1259 2676 δὲ)
1293 2635 1356 2668 καὶ
1381 2633 1420 2670 τὸ
1442 2632 1642 2682 παιφάσσω
1667 2637 1728 2670 καὶ

260 2686 299 2723 τὸ
324 2691 514 2724 παίπαλον
538 2687 577 2724 τὸ
603 2687 728 2737 τραχὺ,
753 2687 1002 2727 παιπαλώσσω
1027 2688 1065 2726 τὸ
1089 2691 1203 2731 παίζω
1229 2690 1456 2727 scribendum
1484 2697 1539 2728 est
1563 2693 1625 2727 καὶ
1643 2705 1728 2727 παι-

262 2742 465 2790 παλόεσσα,
491 2746 553 2781 καὶ
577 2743 615 2781 τὸ
639 2747 765 2786 παίζω.
