1728 3120
226 189 326 236 320
653 181 1108 227 DISSERTATIO
1152 182 1270 227 XIX.

225 297 332 355 τήτη
371 295 439 339 vel
475 296 606 351 τῆτος
639 291 764 349 Τητώ
799 290 824 350 ἡ
857 295 987 338 πενία
1016 294 1160 351 Gyrill.
1188 295 1317 354 χρέος
1350 293 1487 355 χρεώ,
1511 297 1698 356 ,τραχών

226 359 383 420 τρηχώ.
443 359 517 403 Sic
547 366 586 403 et
611 355 680 402 ³ch
723 357 929 414 δύναμις,
969 360 1052 418 βοή
1084 361 1182 405 Hes.
1223 361 1358 406 altera
1393 363 1696 420 significatione

227 444 317 474 cum
345 426 388 480 ἲς
405 425 483 482 βία
511 427 712 482 congruit,
743 426 877 469 altera
896 440 986 470 cum
1016 425 1076 479 ἶά,
1110 425 1206 485 ἰωή.
1224 429 1263 482 ⁴)
1323 426 1441 481 Quae
1456 438 1695 488 sequuntur,

224 496 382 540 nullam
413 493 620 536 definitam
654 494 869 548 regionem
898 492 1052 541 hahent
1087 496 1202 550 quus
1232 497 1371 552 septis.
1390 498 1694 544 contineantur:

225 559 336 606 τυτώ
368 558 394 619 ἡ
420 557 556 616 γλαύξ
570 558 669 602 Hes,
701 573 726 602 a
751 573 854 603 sono
886 567 932 603 tu
961 567 1007 603 tu
1037 567 1077 603 ut
1101 567 1140 604 et
1169 559 1298 606 πιπώ
1326 562 1488 606 videtur
1502 564 1694 608 aviculae

223 642 373 673 nomen
401 639 507 684 quae
539 626 647 670 alias
679 624 820 677 πίπος
847 634 1040 678 vocatum
1079 625 1196 684 ληκώ
1231 627 1280 671 τὸ
1314 624 1515 685 ἀνδρεῖον
1539 628 1702 688 μόριον,

223 696 321 740 Hes.
351 694 529 737 Vossius
568 693 747 735 illustrat
785 693 1007 737 collatione
1046 693 1163 736 verbi
1204 693 1403 738 obscoeni
1432 695 1568 755 ληκᾷν
1606 698 1695 741 sive

224 764 372 818 ληκεῖν
401 768 440 804 et
469 757 712 813 λαικάζειν,
745 760 999 816 eundemque
1028 759 1280 803 intellectum
1308 759 1433 804 habet
1462 760 1635 819 κρούειν
1656 765 1696 819 ⁵)

225 836 264 873 et
295 830 466 887 κροτεῖν
496 833 616 882 atque
644 827 927 881 germanicum
950 826 1147 883 crepandi
1173 826 1355 878 verbum,
1384 827 1494 884 quod
1511 827 1697 873 Adelun--

225 898 318 952 gius
354 894 502 938 afferre
532 906 615 936 non
645 892 891 948 dedignatus
922 899 995 935 est.
1054 890 1219 951 Καρκώ
1252 893 1391 946 λάμια
1410 893 1508 938 Hes.
1538 896 1696 952 piscem.

226 960 446 1019 κάρχαρον
476 961 564 1002 sive
595 957 924 1016 καρχαρόδοντα
953 959 1189 1015 significare
1206 959 1368 1004 videtur
1396 961 1448 1005 cf.
1465 959 1624 1008 Coraes
1643 963 1696 1006 ad

223 1027 406 1071 Xenocr.
436 1040 475 1082 p.
496 1027 564 1068 73.
621 1024 734 1068 Idem
752 1024 915 1068 Δαλλώ
935 1033 975 1068 et
989 1023 1123 1069 Λαλώ
1154 1023 1179 1084 ἡ
1216 1024 1504 1083 ἀπόπληκτος
1531 1023 1560 1086 ἢ
1591 1026 1699 1081 ἔξωο

225 1110 323 1151 ρος,
363 1106 534 1149 quarum
574 1093 952 1149 interpretationum
990 1105 1073 1135 una
1113 1093 1167 1135 ad
1199 1091 1340 1143 Δαλίς
1377 1091 1530 1151 μωρός
1573 1099 1697 1153 (φρε-

224 1158 430 1215 νοὸηλής,
469 1158 653 1210 dalivus)
691 1160 901 1210 convenit,
953 1159 1127 1202 alteram
1167 1158 1448 1202 Schneiderus
1491 1167 1603 1206 recte
1643 1163 1694 1206 ad

227 1223 362 1276 ὄαλός
391 1227 515 1268 torris
543 1225 682 1276 refert,
713 1238 792 1281 quo
821 1225 1028 1268 hominem
1056 1227 1189 1268 exusti
1217 1223 1354 1276 floris,
1379 1228 1531 1270 vietum
1559 1235 1599 1271 et
1626 1242 1693 1272 re-

223 1293 422 1336 torridum
454 1291 682 1347 significari
720 1292 984 1335 demonstrat.
1044 1291 1221 1335 Glossas
1260 1291 1525 1338 obscuriores
1561 1292 1695 1353 Κάρα

222 1356 249 1416 ἡ
282 1356 358 1410 at}
384 1355 472 1401 ὑπὸ
503 1356 762 1414 Γορτυνίων,
794 1354 986 1414 Καρανώ
1015 1357 1093 1416 τὴν
1120 1352 1223 1413 αἶγα
1243 1359 1427 1414 Κρῆτες,
1458 1356 1566 1416 Κηιό
1596 1360 1697 1405 σύν-

223 1430 365 1477 θεσις,
396 1422 535 1468 Kosa&
566 1422 727 1478 βλάβη,
759 1421 911 1467 Acuta}
942 1423 1195 1480 βρωμάτιον
1224 1440 1279 1475 τι,
1313 1423 1461 1481 Φητώι,
1480 1423 1699 1484 στρόφιγξ

224 1490 627 1534 transiliamuslicet
646 1503 736 1533 cum
756 1490 853 1533 aliis
872 1504 1042 1547 quorum
1065 1492 1269 1548 scriptura
1292 1489 1537 1546 ambigitur:
1569 1491 1696 1537 κοπιί

225 1561 313 1601 sive
337 1554 474 1601 κωπώ
493 1557 536 1599 id
557 1563 621 1599 est
644 1557 828 1600 ramulus
853 1559 896 1601 in
915 1557 1234 1615 daphnephoriis
1263 1557 1540 1610 circumlatus,
1567 1557 1698 1602 κωκώ
1726 1591 1728 1620 p

223 1638 293 1667 res
322 1623 539 1680 turpicula,
570 1620 704 1681 τριτώ
734 1625 822 1667 sive
853 1622 1025 1682 τριττώ,
1056 1626 1094 1668 si
1114 1625 1284 1668 credere
1316 1625 1483 1681 dignum
1512 1631 1588 1677 est,
1616 1638 1697 1670 vox

224 1693 380 1735 cretica
415 1697 535 1747 caput
564 1690 805 1745 significans
835 1691 903 1734 vel
933 1705 960 1734 a
986 1691 1114 1735 verbo
1143 1691 1256 1749 τρέω
1285 1691 1408 1736 ducta
1439 1688 1582 1749 Τριτώ
1610 1690 1697 1749 φό-

223 1762 303 1813 βος
343 1755 509 1813 τρόμος
538 1755 636 1799 Hes,
696 1757 765 1800 Ad
795 1757 980 1801 ultimum
1018 1758 1097 1802 duo
1134 1760 1318 1815 stirpium
1355 1759 1523 1803 nomina
1549 1756 1696 1816 βληχώ

223 1826 312 1868 sive
343 1821 485 1879 γλαχώ
507 1830 547 1866 et
577 1821 708 1866 κιττώ
738 1825 881 1867 casiae
911 1838 1042 1880 genus
1058 1825 1238 1869 fortasse
1267 1824 1320 1868 ab
1348 1823 1530 1869 hederae
1549 1825 1697 1869 simili-

223 1892 362 1934 tudine
394 1891 710 1933 denominatum.
768 1889 873 1934 Nam
905 1892 958 1934 ad
974 1890 1136 1947 μορμιό
1165 1891 1274 1948 quod
1293 1892 1447 1943 attinet,
1475 1892 1520 1935 in
1547 1891 1696 1936 discri-

224 1959 333 2000 mine
373 1963 563 2000 versatur
601 1970 683 1999 non
724 1957 857 1999 solum
895 1964 1025 2000 utrum
1064 1971 1115 2000 ex
1151 1955 1306 2015 μορφή
1348 1970 1591 2002 conversum
1628 1959 1693 2008 sit,

224 2024 469 2080 proprieque
499 2023 674 2064 formam
694 2022 898 2078 significet
927 2029 967 2065 et
995 2024 1216 2079 praecipue
1245 2023 1506 2067 formidinem
1533 2023 1613 2068 hoc
1632 2031 1696 2068 est

223 2091 404 2146 speciem
441 2087 704 2139 horribilem,
742 2101 796 2131 an
836 2101 862 2131 a
898 2086 1071 2146 μόρμος
1109 2095 1148 2131 et
1181 2085 1332 2146 μόρμη
1370 2087 1469 2142 (hoc
1504 2093 1696 2147 accentu)

220 2153 392 2211 χαλεπή
414 2152 679 2211 ἑκπληκτική
704 2153 802 2197 Hes.
833 2155 908 2197 sed
929 2156 1052 2198 etiam
1071 2154 1406 2212 communibusne
1432 2155 1696 2202 adnumerari

221 2227 408 2278 oporteat
439 2233 492 2263 an
521 2222 712 2277 propriis,
744 2234 849 2277 quae
883 2221 1223 2278 appellativorum
1243 2234 1453 2265 numerum
1477 2221 1603 2279 longe
1623 2237 1696 2267 ex-

223 2288 394 2339 cedunt3
429 2300 525 2329 nam
562 2286 707 2330 horum
737 2300 896 2330 summa
928 2286 1068 2330 brevis
1099 2294 1183 2339 est,
1220 2287 1298 2331 illa
1324 2290 1543 2346 veropari
1569 2288 1694 2333 uber-

223 2361 306 2398 tate
337 2353 390 2396 ab
420 2354 530 2396 omni
559 2354 646 2397 fere
668 2367 821 2410 genere
852 2355 1060 2397 nominum
1091 2361 1132 2397 et
1158 2354 1377 2398 verborum
1408 2353 1692 2407 efflorescunt3

221 2420 331 2478 quod
361 2420 588 2464 ostendam.

312 2535 349 2578 4)
375 2532 560 2582 Εῐςορόων
582 2532 699 2570 πόνον
723 2533 835 2570 αἰπὺν
858 2532 949 2570 ἰῶκά
973 2546 1011 2570 τε
1037 2531 1289 2582 δακρυόεσσαν
1311 2532 1353 2568 ΙΙ.
1377 2531 1442 2569 XI.
1459 2531 1539 2568 601.
1566 2533 1690 2570 Schol.

222 2591 316 2631 τινὲς
337 2588 550 2639 γράφουσιν
573 2591 617 2625 ἰῶ
644 2588 999 2638 καταδακρυόεσσαν.
1046 2590 1098 2625 Hi·
1117 2589 1159 2625 ῖώ
1184 2588 1275 2625 κατὰ
1298 2587 1402 2636 δάκρ.
1426 2589 1616 2635 scripsisse
1639 2590 1692 2625 vi·

222 2648 351 2682 dentur
375 2650 417 2682 in
434 2658 570 2694 pugna
596 2645 865 2688 lamentabili,
899 2652 937 2682 ut
961 2657 1186 2692 synonymon
1217 2643 1284 2691 βοή
1313 2645 1461 2681 sumitur
1484 2656 1553 2692 pro
1577 2643 1688 2692 μάχη.

312 2703 349 2746 5)
380 2702 591 2748 Ὑποληκᾷν
622 2701 842 2752 ὑποκρούειν
864 2702 951 2739 Hes.
985 2707 1142 2740 trusare
1170 2702 1354 2738 intellectu
1385 2701 1570 2738 obscoeno
1605 2701 1692 2738 dixit

223 2758 392 2794 Catullus.
