1728 3120
233 170 280 216 Ρ.
301 169 373 214 Ill.
403 169 451 215 C.
465 170 496 214 1.
541 169 615 213 DE
643 167 836 213 NOMIN.
869 167 1034 214 TERT.
1063 167 1223 212 DEGL.
1251 167 1308 212 IN
1337 159 1399 220 ἴς.
1457 171 1559 219 297

86 281 96 288 ”
119 281 123 286 ’
146 281 307 339 suomi
342 283 395 328 τὸ
432 281 600 340 βλάβος
623 280 801 339 βλάβη,
839 279 949 334 ὄῖκος
987 278 1098 340 ἔτ’κη,
1142 282 1310 333 σκὲπσς
1352 282 1561 337 (σκέπας)

133 383 156 396 ,2
225 347 344 394 «EM.
371 350 470 404 597,
499 351 566 395 17.
602 349 740 394 Gram.
770 349 801 393 Ι.
824 351 922 394 297.
952 349 1074 407 νείκη
1105 349 1155 395 ἐκ
1181 352 1262 394 τοῦ
1290 352 1435 400 νεῖκος
1461 347 1558 393 ΕΜ.

88 414 92 416 ’
127 425 145 435 ’·
199 416 399 462 videlicet
428 424 597 476 propter
634 423 795 460 aetates
838 424 1064 461 auctorum.
1124 416 1257 469 Quam
1287 418 1492 460 rationem
1521 417 1560 460 si

67 490 69 493 ’
123 479 276 535 Διιιιιει,
306 484 484 544 λαῖφος,
514 487 671 535 νεῖκος,
701 481 867 540 τάρβος
896 484 1186 542 anteponenda
1214 490 1308 526 sunt
1339 483 1563 535 femininis,

94 548 126 569 ²·
158 547 377 610 ἱγριιὶφος,
412 549 570 608 δίψος,
613 554 780 604 κνῖσος,
811 551 976 608 λῆθος,
1015 552 1188 601 λῶπος,
1218 545 1374 602 νάκος,
1403 548 1562 602 νάπος,

230 618 532 676 postponenda.
589 617 654 662 Ex
686 617 752 661 his
789 620 895 675 ipsis
927 626 1066 662 tamen
1095 617 1366 661 Aristarchus
1397 617 1479 661 duo
1516 618 1562 660 in

125 715 141 721 >f
167 697 211 729 e
238 686 376 743 posuit
405 688 554 736 κνῖσος
576 689 643 738 ¹³)
675 692 715 728 et
745 688 878 736 νῖκος,
909 685 1019 742 quod
1038 685 1112 728 alii
1139 698 1191 728 ne
1210 683 1451 742 Hippocrati
1469 685 1563 741 qui-

79 745 93 801 s
205 751 437 796 concedunt
472 765 511 796 v.
543 751 716 796 Santen.
753 752 806 796 ad
846 751 1015 796 Terent.
1044 766 1084 809 p.
1113 750 1211 795 424.
1272 751 1338 795 Ac
1372 751 1562 808 profecto

87 811 376 863 '’rflomerum
416 820 550 877 ipsum
590 822 762 878 eJusque
804 819 1007 877 aequales
1052 819 1290 862 audiremus
1326 818 1560 875 loquentes,
1607 866 1619 871 ,

68 891 96 941 ᾗῇ
119 888 128 893 ”
160 891 207 929 ta
240 887 285 930 in
321 899 447 930 aures
486 894 654 931 nostras
693 886 933 938 influerent,
973 899 1080 943 quae
1109 899 1218 929 nunc
1256 899 1332 943 pro
1359 887 1481 929 novis
1507 898 1561 929 ac

7 951 11 959 ²
49 886 104 1109 ts)
129 953 243 997 vitiis
271 952 490 997 hahentur.
549 953 654 1006 Quis
676 955 766 1010 Jam
799 953 850 996 de
883 953 972 996 illis
1007 952 1203 996 arbitrari
1238 953 1411 1003 audeat,
1452 965 1560 1009 quae

111 1030 140 1057 ὀ·
188 1027 378 1073 atores
405 1020 562 1065 habent
589 1034 760 1064 numero
787 1027 828 1064 et
857 1020 1058 1076 dignitate
1090 1032 1304 1077 suppares,
1334 1025 1378 1062 ut
1405 1016 1561 1069 πάθος

50 1114 53 1122 2
87 1117 91 1121 -
142 1085 289 1145 πάθη,
313 1087 492 1143 βλέννος
509 1095 551 1132 et
573 1087 742 1143 βλέννα,
773 1094 843 1130 aut
865 1088 992 1130 etiam
1015 1085 1249 1143 aequaliter
1268 1087 1436 1142 ignotos
1454 1087 1562 1129 sicut

50 1135 56 1190 ἶ
86 1153 109 1191 '32
124 1160 288 1212 aquae
317 1153 623 1213 Glossographi
653 1156 696 1198 in
733 1156 975 1198 memoriam
1010 1153 1195 1198 referunt
1231 1151 1402 1208 βάσσος
1435 1149 1563 1197 οὔδε-

49 1193 214 1280 Ι’έρως
244 1217 274 1280 ἦ
300 1223 450 1280 βῆσσα
478 1221 579 1266 Hes.
616 1220 747 1279 λύγος
780 1219 1024 1280 οὐδετέρως
1062 1220 1112 1264 τὸ
1148 1218 1309 1271 σκότος
1339 1220 1398 1273 (et
1431 1219 1560 1277 λύγη)

30 1282 55 1360 3?
83 1350 85 1353 .
123 1318 125 1324 ,
159 1319 171 1330 .
189 1285 298 1347 τήτη
321 1295 364 1333 et
389 1292 522 1348 τῆτος
551 1287 577 1348 ἡ
607 1288 753 1334 ἔνδεια
772 1289 888 1333 Phot.
918 1289 1068 1343 σχίδος
1093 1295 1132 1332 et
1159 1285 1310 1342 χλίδος
1337 1300 1412 1346 pro
1433 1285 1562 1342 σχίδη

30 1353 386 1443 Ξ1κχλιδήΗθε.
434 1355 563 1406 Ψοιά,
589 1354 689 1414 ψύα
717 1356 766 1400 δὲ
796 1355 871 1399 καὶ
900 1357 1214 1413 πληθυντικῶς
1242 1353 1297 1397 τὰ
1325 1352 1422 1411 ψύη
1443 1352 1562 1397 Suid.

30 1428 248 1472 stratum·
283 1422 392 1468 haec
428 1437 513 1468 non
551 1431 617 1468 est
653 1424 984 1468 obliviscendum
1026 1423 1316 1467 femininorum
1360 1421 1564 1465 nonnulla

3 1540 5 1542 v
100 1491 216 1534 ersui
251 1490 425 1536 heroico
466 1491 666 1536 reluctari
704 1498 746 1535 ut
787 1489 931 1549 βλάβη
970 1498 1011 1534 et
1054 1491 1211 1547 σκέπη.
1277 1489 1342 1533 Ac
1378 1489 1562 1533 fortasse

38 1554 328 1614 '’gnificatio
363 1572 527 1616 quoque
566 1559 771 1603 interdum
800 1572 933 1603 eausa
968 1558 1044 1601 fuit
1082 1557 1351 1615 quamobrem
1386 1556 1563 1599 alterum

73 1637 212 1668 enus
247 1627 364 1682 prius
403 1628 681 1684 reciperetur,
727 1626 902 1670 alterum
941 1626 1171 1683 posterius3
1214 1637 1311 1667 nam
1349 1623 1562 1681 plerisque

71 1687 244 1750 ¹quidem
273 1693 421 1736 eadem
460 1700 524 1737 est
553 1693 630 1737 sed
660 1700 755 1737 sunt
793 1695 919 1736 etiam
950 1705 1058 1749 quae
1089 1698 1246 1734 mutata
1272 1693 1563 1735 terminatione

26 1794 35 1809 ,
55 1761 77 1797 '‘⁴-
102 1766 137 1797 3⁴:
173 1759 366 1804 diversas
397 1761 619 1805 ostendant
647 1761 805 1818 γλῆνος
832 1757 990 1817 γλήνη,
1028 1761 1186 1810 σκεῦος
1217 1755 1373 1816 σκευή,
1404 1760 1565 1817 σκῆνος

75 1824 236 1886 σκηνή,
273 1825 448 1886 σκάφος
486 1826 659 1886 σκάφη,
698 1825 816 1886 ὕφος
853 1824 967 1885 ὑφή,
991 1832 1059 1880 ¹⁶)
1089 1839 1261 1883 quorum
1300 1827 1480 1870 omnium
1510 1838 1564 1869 ea

64 1902 77 1932 ”ι
108 1918 126 1930 ,-
143 1895 183 1939 ὀ
222 1901 288 1938 est
321 1902 366 1938 ut
399 1902 534 1939 utrum
569 1909 704 1952 genus
740 1902 891 1938 natura
928 1895 1102 1951 primum
1141 1896 1196 1937 sit
1231 1893 1300 1938 vel
1337 1892 1565 1937 secundum

25 1924 78 2015 ’ᾗ
117 1974 198 2006 mo
226 1963 364 2020 possit
385 1961 625 2007 decernere.
684 1961 772 2006 Sed
803 1965 841 2005 si
869 1975 1012 2006 verum
1036 1968 1112 2013 est,
1142 1961 1253 2017 quod
1277 1959 1563 2004 Valckenario

20 2008 35 2661 1
88 2027 280 2074 obser-vv.
307 2026 488 2072 XXXV.
514 2029 610 2073 311.
643 2029 708 2073 ed.
738 2027 854 2086 Lips.
897 2029 1076 2086 aliisque
1113 2041 1198 2072 non
1232 2029 1380 2085 paucis
1419 2032 1461 2070 et
1498 2032 1565 2070 sat

19 2658 35 2717 ἔ,

169 2187 229 2234 15)
268 2187 372 2226 Eunt.
404 2189 496 2234 668,
527 2189 584 2226 34.
631 2193 762 2234 κνίσση
797 2191 861 2225 καὶ
894 2193 1045 2230 κνίσσος
1084 2187 1180 2225 καθὸ
1216 2189 1325 2234 δηλοῖ
1357 2187 1377 2223 ὃ
1414 2186 1565 2237 γράψας

74 2267 80 2272 »
108 2248 252 2290 νίσση
276 2242 586 2292 μελδόμενος
615 2246 673 2292 (ll.
696 2247 797 2283 XXI.
823 2246 920 2291 363.)
955 2248 989 2282 εἰ
1010 2249 1077 2282 καί
1095 2259 1189 2286 τινες
1221 2245 1494 2293 ἀπαρέσκονται
1517 2244 1567 2284 ὠς

42 2307 45 2311 ’
63 2339 72 2343 „
88 2300 128 2348 ὴ
151 2299 424 2348 ἐντετυχηκότες
444 2303 495 2348 τῷ·
515 2305 674 2342 κνίσσος.

76 2372 109 2395 νῖ
170 2368 230 2415 16)
266 2369 374 2409 Quae
398 2369 643 2407 Schneiderus
679 2371 747 2407 huc
774 2371 887 2406 refert
913 2368 1049 2412 στύπος
1071 2377 1108 2406 et
1131 2369 1249 2416 στύπη
1275 2371 1474 2416 quantitate
1498 2369 1566 2405 dis·

76 2425 200 2462 ferunt
223 2432 261 2462 et
284 2426 463 2463 interdum
488 2427 688 2474 scriptura3
721 2440 834 2474 quare
870 2426 988 2474 στύπη
1016 2428 1095 2464 sive
1124 2425 1271 2472 στύππη
1302 2435 1437 2475 stuppa
1469 2428 1566 2474 stipa

39 2493 43 2522 f
71 2483 200 2531 potins
225 2494 306 2519 cum
330 2481 454 2528 στοιβή
479 2484 738 2520 conferendum
761 2485 918 2530 videtur,
944 2496 1038 2530 quae
1062 2486 1200 2531 pariter
1223 2485 1272 2520 ad
1291 2483 1564 2532 παραβύσματα

39 2575 43 2588 ³
70 2539 236 2586 pertinet
261 2551 298 2577 v.
322 2539 450 2576 Vales.
475 2541 523 2576 ad
545 2541 660 2588 Harp.
685 2542 760 2578 150.
794 2542 996 2588 (Apollonii
1026 2542 1143 2578 verba
1166 2553 1260 2589 quae
1283 2554 1329 2578 ex
1358 2542 1451 2578 libro
1477 2541 1564 2578 MS.

39 2618 43 2635 s
74 2597 283 2642 *excerpsiss
321 2608 415 2632 nunc
447 2598 617 2645 leguntur
641 2599 687 2634 de
715 2599 905 2645 Conjunct.
931 2598 1028 2644 515.)
1076 2598 1116 2634 ln
1141 2599 1265 2635 Schol.
1291 2598 1330 2633 11.
1355 2598 1456 2634 XIX.
1483 2597 1564 2634 350.

38 2646 42 2701 J
68 2649 103 2696 ἢ
125 2650 226 2702 ἅρπη
249 2650 425 2701 φυλάττει
458 2653 523 2700 τὴν
553 2657 697 2705 τροφὴν
722 2658 784 2692 ἐπὶ
811 2661 886 2697 τοῖς
918 2655 1087 2703 γάμφεσι
1111 2656 1191 2691 cod.
1219 2655 1372 2702 praebet
1392 2652 1563 2703 τάρφεσι,

38 2746 40 2750 .
81 2709 181 2758 qimi
204 2709 241 2745 ἰιι
263 2707 428 2759 κάρφεσι
449 2713 657 2750 mutandum
681 2714 752 2751 hoc
776 2720 832 2751 est
856 2714 893 2751 in
918 2714 1016 2759 nido,
1043 2725 1147 2759 quem
1169 2712 1363 2761 Euripides
1384 2711 1463 2750 lon.
1486 2708 1563 2747 172.

36 2779 40 2794 ¹
60 2763 192 2811 ἐὐνὴν
213 2765 411 2817 καρφηράν
434 2775 556 2806 vocat.
