1728 3120
398 133 503 177 cst.
534 133 581 177 V.
643 132 713 177 DE
750 133 949 178 VERBIS
980 134 1241 189 LIQUlDIS.
1471 143 1568 189 119

183 246 280 290 ·tio
322 247 571 290 necessaria
611 247 687 290 sed
727 248 908 292 nondum
951 254 1111 294 tentata
1146 257 1223 294 est.
1283 249 1362 294 Ubi
1403 251 1568 295 stabili-

9 298 133 415 ἱ
156 318 214 358 to
243 325 362 370 opus,
391 314 618 357 assumitur
645 327 834 358 consona
853 317 1043 372 proxima
1070 314 1236 372 κάμνω,
1265 317 1420 372 τέμνω.
1482 318 1567 363 Ne-

130 393 155 424 e
189 379 303 424 aliae
341 393 556 425 consonae
598 380 884 426 characterem
917 385 1172 440 praecedunt
1201 391 1491 443 praeterquam
1522 388 1566 430 in

159 448 215 490 is
252 446 457 492 obsoletis
491 455 533 492 et
569 449 830 501 enormibus,
870 464 1041 508 quorum
1072 466 1198 495 unum
1236 459 1300 497 est
1325 451 1566 511 χραίσμετε

108 509 171 559 τιὸ
202 515 282 558 τοῦ
311 513 516 572 χραίσμω
542 514 794 574 βαρυτόνου
824 516 968 561 Schol.
992 518 1132 575 Apoll.
1149 517 1198 562 11.
1216 519 1314 563 218.
1346 520 1422 563 alii
1453 522 1567 564 aori-

164 583 350 628 dicunt
377 584 451 627 sed
480 583 673 642 μονήρη,
706 588 806 643 quia
837 585 984 638 οὐδεὶς
1013 584 1225 645 ἀόριστος
1257 587 1323 641 εἷς
1350 607 1435 641 μον
1462 591 1567 643 (ιιοιι

160 652 236 703 ιιι)
261 649 399 695 Uram.
415 650 446 693 I.
474 651 569 701 176,
593 653 662 695 21.
695 667 792 696 nam
823 654 953 709 τέτμε
985 655 1267 712 imperfectum
1296 670 1394 700 esse
1423 657 1566 702 volunt

162 715 256 762 .ΙΙ.
283 715 352 760 lv.
382 718 480 762 293
525 717 763 763 Secundum
805 729 870 764 est
906 723 1074 778 Θέρμει
1110 722 1349 780 θερμαίνει
1384 723 1485 768 Hes.
1524 733 1566 768 et

0 808 1 815 ἐ
52 836 56 862 3
112 800 268 843 ρμετο
302 784 570 829 homericum.
630 785 718 829 Sed
749 785 1004 841 λελιχμότες
1032 789 1095 831 sic
1125 794 1167 831 ut
1198 789 1357 843 τέτμον
1384 805 1436 835 ex
1466 806 1566 848 syn-

48 867 55 903 q
93 865 176 910 pe
212 859 346 895 ortum
384 852 543 902 ferunt:
586 848 692 897 ου’τε
731 849 826 897 ἀπὸ
865 855 945 896 τοῦ
973 857 1179 911 χραισμῶ
1220 851 1322 899 ου’τε
1359 854 1454 902 ἀπὸ
1485 862 1566 903 τοῦ

2 951 4 954 v
45 933 54 969 t
126 920 249 963 ισθιῢ
279 919 413 974 μέσοι
442 917 649 982 γεγόνασι
678 919 1003 977 παρακείμενοι
1034 919 1186 978 ὥςπερ
1226 919 1332 966 οὐδὲ
1361 920 1454 967 <imi
1486 927 1566 968 τοῦ

46 979 90 1052 l
111 987 224 1041 χιιῶ,
254 983 329 1030 ἵνα
356 983 418 1043 μὴ
451 983 527 1029 διὰ
558 982 638 1029 δύο
678 983 930 1042 συμφώνων
959 986 1225 1041 ἐξενεχθῶσι
1258 987 1398 1032 Cram.
1412 989 1443 1032 Ι.
1467 991 1565 1035 268.

46 1054 86 1107 f]
88 1054 115 1091 i
110 1053 143 1096 i
170 1047 348 1097 ὅλίσθω
379 1052 645 1096 scribendum
675 1060 739 1097 est
768 1060 808 1096 et
834 1051 1060 1111 χραίσμω,
1103 1068 1277 1112 quorum
1307 1056 1496 1113 perfecta
1522 1059 1566 1100 in

2 350 65 462 2

0 475 119 599 5

0 620 150 755 ἔ

44 1124 50 1186 ξ
97 1146 100 1153 2
136 1140 166 1167 α
193 1129 234 1167 et
262 1138 373 1177 σμαι
402 1122 642 1167 exciderent
661 1125 699 1167 si
727 1122 808 1167 hoc
836 1130 996 1181 tempus
1021 1127 1064 1167 in
1094 1127 1206 1168 exitu
1225 1126 1332 1169 duas
1352 1140 1565 1171 consonas

42 1176 47 1243 ἒ
156 1196 198 1234 et
227 1189 404 1249 syllepsi
435 1192 679 1247 conjunctas
707 1205 744 1235 v.
774 1189 870 1233 ΕΜ.
887 1191 986 1243 667,
1013 1192 1083 1234 33.

39 1254 82 1332 j·
181 1258 258 1301 Act
268 1265 586 1302 notamentu
598 1272 652 1301 m.
725 1257 957 1302 Verborum
1002 1260 1248 1304 usitatorum
1298 1263 1381 1304 tria
1430 1261 1563 1316 γέμω,

36 1333 113 1423 ἶ
102 1341 211 1379 -,μω
248 1324 368 1380 τέμω
406 1325 692 1370 characterem
727 1326 1027 1370 immutabilem
1059 1327 1216 1371 habent
1254 1327 1328 1371 sed
1360 1327 1507 1384 τρέμω
1539 1342 1566 1371 a

35 1422 68 1462 i
136 1409 183 1435 -ω
219 1395 449 1450 processit,
493 1395 681 1452 δραμεῖν
717 1407 745 1438 a
785 1395 896 1452 δρξεν
935 1390 1326 1454 (ἀποδιδράσκειν)
1368 1402 1409 1438 et
1445 1395 1565 1445 δέμω

36 1469 66 1527 ³
70 1458 461 1508 ustathins1047
487 1461 555 1505 58.
594 1460 650 1505 ad
680 1461 766 1506 δέω
796 1462 987 1516 (δεσμῶ)
1025 1463 1166 1505 refert.
1228 1462 1418 1521 Χρὲμω,
1455 1463 1563 1506 unde

70 1524 236 1587 ρόμος
273 1523 298 1572 ὁ
335 1527 631 1585 χρεμετισμός
669 1527 769 1572 Hes.
809 1535 849 1571 et
885 1529 1018 1572 verba
1054 1529 1264 1586 χρεμέθω
1307 1528 1565 1586 χρεμετίζω,

31 1609 83 1640 ..;2
109 1608 276 1638 nexum
303 1595 467 1638 videtur
494 1595 627 1639 latino
657 1608 773 1638 screo
795 1595 1080 1652 χρέμπτομαι
1112 1610 1163 1639 eo
1194 1597 1460 1651 cognationis
1490 1610 1568 1652 ge-

31 1651 170 1716 fere
204 1675 286 1720 quo
324 1675 523 1706 sonorum
562 1663 820 1704 imitamenta
860 1674 906 1704 se
939 1664 1183 1718 contingere
1225 1662 1386 1714 solent,
1428 1677 1564 1721 neque

57 1742 196 1786 onge
228 1729 355 1773 distat
375 1742 403 1772 a
429 1728 581 1786 βρέμω
607 1729 739 1772 fremo
769 1736 810 1771 et
839 1742 866 1771 a
888 1727 1221 1786 βριμη,ι1ιιι1)ιιε
1253 1730 1452 1787 adaptata
1471 1738 1566 1774 sunt

65 1794 260 1855 1’ριμοῖιο,
277 1793 496 1854 βριμάζω,
520 1798 786 1854 βρωμιῦμαι,
814 1793 1073 1853 φριμάσσω,
1101 1809 1178 1839 suo
1195 1797 1375 1854 quidque
1396 1799 1564 1855 proprio

63 1876 246 1922 eapore3
281 1876 412 1921 quare
457 1863 644 1907 distinxit
670 1861 906 1905 Herodotus
939 1860 1262 1920 φριμάξασθαι
1302 1864 1376 1908 καὶ
1407 1881 1566 1923 χρεμε-

26 1926 29 1930 ’
69 1929 194 1976 τῖσαι
211 1938 253 1975 et
267 1929 412 1975 Schol.
429 1928 532 1986 Lyc.
547 1930 645 1974 244.
677 1925 758 1972 οὐκ
791 1925 886 1972 ἔστι
916 1929 1176 1986 φριμαγμὸς
1206 1927 1231 1974 ὃ
1257 1930 1564 1988 χρεμετισμός,

26 2043 35 2054 ,Ἴ
67 1993 173 2047 ἄλλ’
212 1995 238 2042 ὁ
283 1995 359 2042 διὰ
395 1999 484 2041 τῶν
527 1997 660 2056 ῥινῶν
699 2012 786 2038 των
828 1994 983 2039 ι’ππων
1023 1992 1414 2052 ἀποπεμπόμενος
1457 1994 1564 2056 ἦχος

23 2060 178 2125 ζὸταν
216 2067 448 2122 γαυριῶσι.
508 2062 597 2107 Sed
636 2076 726 2106 cum
771 2062 930 2120 βρίμῃ,
969 2064 1079 2120 quod
1115 2063 1352 2120 Hesychius
1395 2061 1562 2123 ἀπειλή

18 2175 22 2177 ,
65 2132 374 2190 interpretatur,
408 2132 600 2176 convenit
628 2132 755 2174 etiam
778 2129 950 2188 Σφριαί
979 2127 1167 2175 ἀπειλαί
1196 2128 1329 2189 ὀργαί
1359 2139 1399 2175 et
1421 2135 1564 2188 Φριᾶ-

17 2202 20 2207 ’
52 2215 142 2244 ται
169 2196 419 2256 βριμαίνει,
449 2200 516 2242 cui
545 2200 843 2242 conterminum
874 2204 936 2240 est
967 2213 1186 2255 φρυασσω
1214 2201 1285 2243 vix
1311 2207 1354 2243 ut
1382 2200 1563 2243 dubitari

15 2257 23 2266 ”
55 2267 202 2325 'possit
237 2267 338 2332 quin
372 2265 439 2308 his
476 2265 667 2309 omnibus
707 2265 936 2308 subtinniat
977 2278 1106 2308 sonus
1147 2267 1409 2318 minantium,
1450 2267 1565 2310 fero-

12 2362 16 2367 ·
67 2335 276 2386 cientium,
303 2333 461 2390 gaudio
491 2339 532 2376 et
559 2332 735 2376 libidine
767 2333 1046 2387 gestientium.
1114 2332 1278 2390 Θέρμω
1311 2348 1396 2378 non
1426 2336 1562 2377 minus

66 2401 303 2447 solitarium
332 2407 396 2444 est
425 2413 550 2458 quam
581 2400 829 2455 adjectivum
858 2398 1056 2456 θερμός,
1098 2413 1195 2443 nam
1234 2415 1423 2445 consona
1455 2401 1562 2445 haec

9 2492 14 2503 ³
43 2456 51 2528 ,ζ
66 2469 405 2528 frequentissime
420 2467 626 2524 fingendis
648 2466 919 2510 substantivis
934 2466 1178 2510 verbalibus
1196 2468 1417 2512 adhibetur
1440 2472 1564 2527 (κορ-

19 2533 166 2595 ’”μός,
193 2535 361 2596 χάρμη)
391 2538 467 2582 sed
499 2550 709 2595 nunquam
737 2536 878 2580 verbis
908 2536 976 2580 vel
1003 2537 1220 2593 adjectivis
1251 2541 1295 2582 in
1320 2530 1377 2590 ὀξ
1408 2551 1565 2581 exeun-

0 2596 42 2656 :J
66 2605 203 2658 tibus3
243 2605 457 2662 ceteroqui
499 2605 706 2661 adJectivo
739 2604 794 2647 ad
826 2604 1086 2647 formandam
1124 2607 1458 2648 terminationem
1487 2618 1563 2647 ne-

15 2680 39 2730 ]
69 2675 275 2726 cessaria,
303 2671 434 2718 verbo
455 2672 579 2716 modo
608 2671 902 2737 producenda—e
929 2670 1125 2727 syllabae
1148 2685 1280 2716 causa
1308 2675 1468 2718 insert-a
1484 2679 1561 2715 est.
1612 2691 1626 2698 -

12 2791 16 2795 ζ
69 2741 159 2788 Sed
186 2749 357 2788 transeo
387 2742 441 2787 ad
469 2741 601 2787 verba
630 2756 737 2800 quae
770 2744 812 2785 in
843 2759 902 2786 νω
933 2747 1165 2787 excurrunt.

3 2813 26 2891 ἐ

14 2905 26 2927 ,

0 2967 28 3120 ι
