1728 3120
435 164 539 211 Cn.
574 164 604 208 1.
665 164 736 207 DE
766 163 967 209 VERBIS
994 164 1170 209 PURlS.
1442 171 1543 217 215

1 334 8 349 Ι
68 330 71 336 .
99 278 107 333 j
156 284 185 313 3'
251 277 414 322 coluth.
430 277 529 322 342.
567 275 784 333 ἱδρώουσι
814 276 918 335 Opp.
948 277 1042 322 Hal.
1074 278 1238 323 IL450.
1271 277 1543 324 κυκλώουσιν

133 344 288 390 llinar.
323 343 583 388 LXXXVII.
612 344 681 388 37.
723 345 799 388 sed
843 359 943 389 ecce
987 348 1111 389 etiam
1150 343 1361 391 ὗπνώωσι
1403 346 1541 399 Quint.

117 446 152 456 .
182 411 252 458 4⁵.
312 411 434 465 Quod
465 414 503 456 si
529 418 641 456 recte
667 425 713 455 se
742 412 881 464 habet,
909 413 1062 470 triplici
1091 413 1214 458 modo
1243 414 1434 458 affectum
1465 422 1542 466 est,

106 491 224 523 τιιιιιι
253 485 371 538 trope
403 480 570 530 dorica,
608 486 650 522 ut
681 479 764 522 dici
795 480 924 531 solet,
965 494 1049 538 qua
1078 477 1268 525 ὕπνοῦσι
1297 483 1339 524 in
1370 478 1542 526 ὖπνιῦσι

6 589 11 598 „
95 544 106 559 ”
146 553 247 591 tum
265 554 342 598 est,
372 547 469 590 dein
486 546 726 603 parenthesi
747 547 911 590 vocalis
927 547 1189 603 systoechae‚
1215 549 1322 591 unde
1341 546 1541 592 ὖπνόωσι

4 616 5 619 '
42 648 44 650 -
123 616 222 661 rsit
250 621 292 658 ut
309 611 492 669 ὁρόωσι,
523 615 643 657 tertio
663 615 796 657 ectasi
818 612 1039 658 ὖπνώωσι.
1098 614 1249 659 Verum
1275 612 1540 660 ὖππνιόουσι

41 688 57 721 ·!
117 683 250 728 viore
275 683 346 732 via
367 681 597 725 derivatum
628 695 783 724 censeo
805 694 831 724 a
857 684 1064 738 positione
1093 685 1228 739 prima
1247 679 1424 734 ὖπνώω,
1452 679 1540 726 ὑπ-

2 772 4 782 1
55 780 57 784 r
98 747 179 801 ’.χις
200 754 282 795 etc.
314 749 431 804 cujus
462 749 648 792 secunda
668 748 831 791 vocalis
860 762 944 792 non
972 751 1115 792 nativa
1134 750 1299 806 quidem
1330 757 1395 793 est
1421 750 1539 802 (nam

111 841 115 850 ι
148 808 221 859 ,ω’
243 816 394 860 dicitur
426 829 478 859 ex
517 814 738 870 analogia)
776 815 851 858 sed
894 823 1031 859 tamen
1065 817 1191 873 longe
1222 817 1347 860 altius
1384 817 1539 860 insidet

43 929 48 932 ,
117 902 136 919 ·-
207 885 251 926 in
288 883 430 927 verbis
469 883 679 927 secundae
711 883 1038 938 conjugationis,
1079 882 1218 937 ἇμώω
1247 891 1325 927 etc.
1365 897 1539 940 quorum

70 962 93 964 ’
126 964 206 1002 ,um
237 953 472 1011 declinatur
498 954 541 996 in
571 943 686 1003 ωῗῖξ,
715 942 808 996 ἶυ-εἷ.
868 950 920 995 Et
948 952 1029 996 hac
1060 954 1222 996 ratione
1251 954 1378 1003 etjam
1392 951 1538 995 home-

49 1040 51 1050 ι
80 1034 180 1066 ,uum
219 1017 454 1066 ὕπνώοντα
491 1019 780 1076 explicandum
818 1019 1000 1070 videtur,
1040 1019 1090 1062 de
1131 1033 1212 1076 quo
1249 1032 1373 1062 secus
1403 1021 1538 1062 sentit

47 1093 321 1134 numanus
343 1089 387 1130 in
403 1085 585 1132 Gramm.
607 1084 818 1129 T.1.483.
849 1099 901 1130 ex
933 1082 1156 1130 ὑπνοῦντα
1180 1088 1354 1143 primum
1381 1085 1538 1129 sactum

45 1175 87 1233 ἑὲ
104 1167 145 1199 e
173 1151 397 1199 ὑπνόοντα
417 1159 459 1196 et
483 1153 619 1198 altera
643 1153 932 1197 vicissitudine
952 1150 1196 1197 ὕπνώοντα.
1256 1152 1408 1197 Verum
1425 1155 1539 1196 enim>

27 1199 77 1306 :l
123 1223 215 1279 pius
245 1226 310 1264 est
337 1232 540 1278 praesens
570 1217 753 1271 ὖπνώω,
792 1234 873 1276 quo
898 1220 1120 1264 Homerum
1149 1234 1268 1263 usum
1303 1234 1401 1263 esse
1429 1233 1540 1263 sane

38 1305 47 1314 “-
73 1309 93 1328 κ.
126 1289 325 1333 onstrari
367 1300 469 1331 non·
496 1294 652 1345 potest,
706 1287 783 1330 sed
826 1301 877 1331 eo
925 1288 1035 1344 quod
1082 1287 1355 1343 Buttmannus
1397 1289 1535 1345 posuit

26 1372 32 1386 ³
60 1381 93 1415 ,ι
135 1355 268 1400 dona
297 1368 349 1398 ne
380 1357 510 1412 potuit
537 1353 702 1412 quidem
734 1357 802 1398 uti.
862 1353 1005 1411 Neque
1037 1354 1128 1398 sore
1156 1363 1253 1411 puto
1279 1357 1349 1412 qui
1377 1356 1534 1410 χολοῦ-

24 1430 41 1468 .ῖ
156 1423 362 1482 principio
399 1423 443 1465 in
476 1423 703 1476 χολῶμαι,
741 1422 821 1466 hoc
858 1436 958 1465 vero
997 1436 1071 1479 per
1107 1422 1351 1479 epenthesin
1386 1425 1431 1466 in
1459 1439 1535 1476 χο-

28 1487 236 1551 [stotzam
264 1496 474 1547 postremo
503 1491 689 1545 trajectis
716 1489 935 1533 vocalibus
955 1491 997 1531 in
1022 1487 1254 1542 χολώομαι
1288 1503 1534 1534 conversum

22 1555 183 1618 §icam
213 1570 336 1615 quam
356 1556 603 1600 metathesin
632 1557 774 1600 verbis
804 1558 964 1614 primae
996 1555 1151 1598 classis
1181 1552 1436 1611 ἀλώομενος
1455 1564 1532 1600 etc.

33 1618 128 1682 ,hon
157 1626 469 1681 denegavimus.
528 1623 680 1667 Verum
708 1632 877 1681 praeter
905 1625 1171 1667 mutationem
1199 1623 1409 1668 vocalium
1439 1623 1534 1667 bre-

21 1688 156 1745 ,fflum
185 1695 230 1736 in
256 1692 409 1748 longas
442 1691 574 1735 verba
609 1693 820 1748 utriusque
860 1691 1014 1734 classis
1044 1691 1170 1733 etiam
1205 1690 1303 1735 aliis
1335 1691 1534 1735 remediis

20 1761 185 1825 “fremui
215 1759 533 1804 accommodata
561 1766 674 1810 sunt,
714 1773 795 1802 uno
825 1772 996 1816 prorsus
1028 1757 1235 1813 singulari
1263 1758 1532 1814 γελοίωντες,

18 1815 123 1888 thd.
148 1825 248 1872 XX.
281 1828 379 1871 390.
398 1830 463 1880 l⁵³)
495 1828 561 1871 cui
602 1840 710 1883 quae
738 1825 981 1869 Eustathius
1012 1825 1253 1878 assimulat,
1283 1822 1532 1883 ἆγνοιῆσαι,

32 1892 270 1953 Ὶἀλοιῆσιιιι,
302 1896 470 1939 οιιιιιίιιο
496 1894 654 1937 similia
669 1907 752 1938 non
784 1901 891 1945 sunt,
920 1907 1054 1950 neque
1085 1906 1264 1950 unquam
1294 1894 1447 1937 sactum
1469 1900 1534 1937 est

28 1962 271 2022 gns-vocalis
286 1961 574 2020 parenthetica
591 1964 633 2004 in
650 1961 943 2018 diphthongum
963 1966 1157 2011 verteret,
1176 1959 1295 2018 ὁρόω
1317 1963 1360 2004 in
1379 1958 1530 2016 ὁροίω.

25 2017 38 2041 ι’
126 2043 259 2075 causa
283 2030 417 2074 fuisse
444 2029 607 2073 videtur
635 2043 709 2072 cur
727 2028 915 2072 nonnulli
946 2028 1020 2071 illo
1037 2028 1133 2072 loco
1159 2027 1409 2084 γελώωντες
1425 2029 1531 2070 scri-

15 2102 30 2141 Ξ
95 2106 198 2143 rent.
257 2097 446 2142 Alterum
483 2096 674 2154 praebuit
712 2098 972 2154 interpositio
1003 2095 1165 2139 vocalis
1196 2099 1282 2139 iota
1319 2094 1530 2150 syllabam

15 2166 282 2218 lyabonficiens.
340 2164 447 2208 Nam
472 2165 620 2221 quibus
641 2167 866 2222 φυσῶντες
896 2165 1036 2207 dicere
1058 2177 1141 2206 non
1165 2163 1297 2213 libuit,
1327 2159 1530 2219 φυσόων-

20 2230 118 2285 -Ἧτες
143 2246 228 2277 non
256 2233 384 2282 licuit,
417 2234 470 2275 iis
498 2239 665 2288 praeter
687 2228 952 2288 φυσιόωντες
982 2230 1228 2286 suppetebat
1245 2227 1528 2287 φυσιόωντες,

11 2286 127 2359 ,ξηιιο
150 2299 355 2344 Homerus
384 2301 520 2349 utitur,
550 2312 625 2356 pro
646 2294 799 2352 ὠχρῶν
828 2294 1027 2354 ὦχριόων
1047 2297 1164 2340 Paul.
1184 2296 1263 2340 Sil.
1286 2295 1414 2354 Soph.
1431 2295 1527 2340 641.

16 2366 173 2443 *puroet
189 2366 240 2411 τὸ
268 2366 458 2423 γλαυκὸς
483 2365 648 2422 γίνεται
667 2366 787 2423 ῥῆμα
805 2365 1074 2422 παραγωγόν
1097 2366 1271 2420 γλαυκίῦ
1303 2364 1378 2407 καὶ
1398 2365 1532 2420 γλαυ-

9 2434 155 2493 [αιιιόω
173 2434 382 2485 ΕΜ.233,
400 2433 469 2477 24.
502 2435 573 2491 qui
605 2434 798 2490 γλαυκᾷν
828 2432 1067 2486 significare
1094 2433 1257 2475 videtur
1288 2445 1371 2475 non
1399 2433 1531 2487 γλαυ-

17 2500 164 2558 haroth,
194 2503 304 2560 quod
334 2502 682 2557 significationem
713 2501 941 2543 t'actitivam
970 2498 1096 2542 habet
1126 2506 1165 2542 ut
1196 2500 1400 2549 λευκοῦν,
1430 2497 1530 2553 ἐρυ-

6 2558 200 2627 ·ῗδθὀοῦν.
258 2568 321 2613 Ex
349 2569 483 2614 altero
518 2582 674 2625 genere
712 2568 790 2611 huc
819 2568 995 2625 pertiuet
1023 2563 1311 2625 κυρτιόωντες
1344 2563 1531 2608 Maneth.

0 2628 638 2767 ''·Q05w89·

4 2768 62 2828 ,ξ-
117 2768 122 2773 ’
143 2783 201 2828 14)
233 2780 435 2824 Γελόωνιες
459 2783 565 2820 codd.
590 2782 690 2819 Harl.
719 2787 754 2816 et
776 2780 883 2816 Vind.
907 2780 1121 2826 γελοιῶνιες
1145 2778 1244 2814 Harl.
1270 2778 1304 2814 in
1328 2789 1440 2825 marg.
