1728 3120
213 199 313 247 272
643 191 1107 235 DISSERTATIO
1149 192 1259 236 XVI.

212 304 416 362 συζυγίας
440 301 500 354 ὥς
527 303 603 348 ἐπὶ
631 303 680 347 τὸ
712 301 829 347 πολύ
849 305 920 356 ³³)
946 306 1034 361 ,8οῆ
1060 307 1168 359 βοῶ,
1198 303 1321 363 τεχνὴ
1351 308 1498 360 textui,
1528 304 1680 366 ἀγάπη

214 371 373 428 ἀγαπῶ
383 403 393 420 ,
435 370 593 426 μελέτη
622 370 813 424 μελετῶ,
853 370 1008 426 aliique
1039 372 1108 427 qui
1145 372 1186 413 in
1209 369 1306 414 EM.
1340 369 1408 415 hic
1436 362 1526 417 illie
1553 374 1682 417 inter-

211 441 430 495 loquuntur
457 435 555 494 σιγὴ
587 438 710 491 σιγῶ,
741 432 851 492 αὐδὴ
884 434 1018 486 αὐδῶ,
1050 436 1173 493 ἅρπη
1204 433 1346 494 ἆρπῶ-
1368 451 1407 495 p.
1422 437 1518 491 148,
1539 439 1607 483 18.
1642 446 1682 483 et

214 507 282 563 qui
313 517 455 548 omnes
496 504 738 546 auctoritate
781 504 1032 558 praeeminet
1070 502 1331 547 Herodianus
1359 503 1519 548 Aneed.
1547 504 1682 549 Bekln

213 572 335 616 1289.
375 569 424 614 τὸ
469 566 638 623 ἁμιλλῶ
678 567 753 612 καὶ
787 570 935 612 λυσσῶ
970 567 1141 622 ἔχουσιν
1176 566 1373 622 ὀνόματα
1409 569 1705 628 προϋποκεί-’

211 655 322 692 μενα
354 637 404 680 τὸ
445 634 610 687 ἅμιλλα
643 634 715 678 καὶ
744 633 896 678 λύσσα.
955 634 1054 678 Inde
1084 635 1198 679 fluxit
1229 649 1364 680 canon
1392 636 1605 692 generalis
1639 640 1684 681 in

210 704 305 747 EM.
336 703 429 753 131,
459 702 527 745 49.
567 699 695 759 ἡνίκα
726 698 1011 757 ἶσοσυλλαβεῖ
1039 701 1094 746 τὰ
1131 700 1306 760 ῥήματα
1336 705 1431 754 τοῖς
1459 699 1684 758 ὀνόμασιν,

211 768 409 824 ὀξύνεται
441 769 488 813 δὲ
526 765 554 824 ἢ
583 765 819 825 βαρύνεται
850 767 905 810 τὰ
936 765 1153 822 ὀνόματα,
1190 766 1245 811 τὰ
1275 767 1323 813 δὲ
1352 766 1528 827 ῥήματα
1555 785 1684 827 περι-

211 839 392 888 σπᾶται,
419 834 518 878 τότε
537 834 584 878 ἑκ
603 837 689 877 τῶν
709 831 936 887 ὀνομάτων
951 832 1227 890 παράγονται
1250 833 1304 878 τὰ
1332 832 1522 893 ῥήματα,
1546 834 1684 890 μόνος

210 905 352 957 μονῶ,
388 900 549 957 χρυσὸς
584 903 754 958 χρυσῶ,
793 895 968 957 ἄπορος
1011 896 1194 957 ἀπορῶ,
1233 913 1340 957 quae
1374 901 1474 945 licet
1511 915 1564 945 ex
1596 902 1687 946 alio-

211 982 364 1025 genere
394 969 569 1024 repetita
594 969 694 1017 sint,
733 973 871 1009 tamen
909 980 991 1010 non
1021 966 1186 1010 dubium
1223 967 1454 1025 relinquunt
1483 968 1581 1026 quid
1609 968 1686 1012 ille.

214 1037 264 1079 de
294 1036 503 1079 femininis
534 1034 724 1076 senserit.
781 1032 855 1074 His
894 1034 1019 1088 igitur
1048 1034 1285 1077 auctoribus
1316 1041 1356 1078 et
1384 1036 1482 1092 quia
1508 1041 1683 1079 naturae

213 1108 534 1147 consentaneum
561 1100 720 1142 videtur
747 1105 789 1141 ut
816 1099 1080 1156 productiora
1110 1101 1295 1143 oriantur
1322 1114 1348 1143 a
1367 1102 1501 1144 minus
1529 1101 1683 1157 longis,

211 1182 344 1226 neque
364 1168 608 1211 Buttmanno
639 1166 820 1220 adjicere
844 1179 1012 1222 possum
1042 1179 1174 1222 neque
1205 1167 1426 1223 prosodiae
1447 1167 1683 1212 catholicae

213 1235 371 1279 auctori
401 1233 663 1284 doctissimo,
693 1245 812 1288 quem
845 1232 986 1288 paullo
1018 1239 1111 1275 ante
1143 1232 1363 1289 appellavi.
1420 1232 1527 1277 Nam
1555 1232 1681 1292 αὐδή,

210 1298 306 1360 ἠχή,
336 1297 448 1357 σιγή,
478 1297 626 1356 σιωπή
660 1305 907 1354 caeteraque
937 1299 979 1341 id
1008 1312 1139 1354 genus
1168 1312 1252 1343 non
1285 1312 1311 1342 a
1335 1299 1476 1343 verbis
1506 1303 1692 1344 circum-2

211 1368 328 1412 flexis
357 1373 457 1409 nata
488 1366 563 1408 sed
591 1367 684 1422 ipsa
722 1365 940 1408 verborum
972 1364 1322 1408 circumflexorum
1350 1367 1556 1423 principia
1584 1381 1697 1411 esse·

211 1442 345 1479 statuo
363 1432 532 1490 perinde
562 1439 604 1474 ut
622 1431 827 1486 barytona
844 1430 951 1487 νίκη,
982 1430 1113 1488 λύπη.
1169 1431 1232 1474 Ac
1250 1431 1537 1476 nonnullorum
1557 1435 1683 1478 etiam

211 1504 330 1557 origo
359 1500 476 1543 reddi
500 1505 634 1555 potest
654 1505 694 1541 et
719 1500 960 1554 progressio
989 1493 1080 1540 αῗὶω
1111 1493 1223 1554 αῧδή
1255 1493 1389 1548 αὐδῶ,
1417 1497 1524 1552 χλίω
1551 1499 1680 1558 χλιόή

207 1568 366 1622 χλιδῶ,
406 1564 484 1609 τίω
519 1562 625 1621 τιμή
663 1566 798 1618 τιμῶ,
832 1563 960 1607 ἅπτω
1001 1560 1094 1621 ἁφή
1136 1560 1252 1620 ἆφῶ,
1273 1566 1342 1617 ³⁴)
1379 1563 1512 1620 λείβω
1550 1563 1682 1624 λοιβή

209 1635 442 1688 Λοιβᾶται
469 1630 648 1675 σπένδει
676 1629 775 1672 Hes.
806 1637 844 1673 et
873 1631 1081 1673 nominum
1103 1629 1396 1686 barytonorum
1426 1631 1549 1689 φέρω
1580 1630 1682 1691 φώρ

210 1698 343 1757 φῶρα
381 1700 541 1756 φωρῶ,
585 1695 727 1753 πείρω
767 1699 903 1753 πεῖρα
942 1699 1106 1751 πειρῶ,
1152 1692 1219 1739 ὂῖω
1259 1697 1406 1751 (satio)
1447 1693 1533 1753 ἶίση
1560 1694 1682 1747 νᾶσῶ,
1715 1754 1717 1756 v

208 1763 312 1809 θάω
342 1764 474 1821 θοίνη
504 1766 647 1807 θοινῶ
680 1770 755 1806 etc.
784 1776 890 1819 quae
921 1765 1089 1807 nomina
1117 1777 1191 1807 cur
1219 1763 1408 1808 diversos
1448 1766 1684 1822 acceperint

213 1838 428 1882 accentus,
466 1843 674 1886 nunquam
712 1831 917 1872 inventum
946 1830 997 1872 iri
1034 1843 1180 1885 sper03
1217 1844 1351 1887 neque
1384 1843 1438 1874 ea
1477 1832 1682 1875 sermonis

210 1906 358 1941 natura
393 1903 457 1939 est
483 1904 526 1939 ut
560 1897 699 1939 omnia
725 1896 934 1947 omnibus,
964 1897 1084 1952 paria
1110 1896 1280 1953 paribus
1310 1897 1599 1954 respondeant.

322 1996 501 2039 Nomina
531 1996 751 2038 masculini
778 1997 946 2050 generis
977 1996 1203 2052 simplicia,
1242 2010 1348 2053 quae
1379 2003 1491 2041 certo
1522 2003 1682 2041 constet

211 2077 263 2106 ex
290 2069 472 2119 tempore
501 2063 709 2117 praesenti
739 2074 939 2118 expressa
967 2075 1063 2104 esse
1083 2061 1223 2104 dubito
1254 2075 1308 2104 an
1334 2062 1451 2105 nulla
1466 2065 1682 2120 reperian-

211 2136 276 2172 tur
302 2134 466 2186 praeter
487 2123 672 2182 ἆρτύνης
701 2134 740 2170 et
769 2127 878 2183 quod
907 2128 1040 2169 minus
1071 2134 1224 2170 certum
1250 2134 1312 2170 est
1342 2124 1544 2185 εὐθύνης.
1596 2128 1682 2172 Eu-
1722 2120 1728 2125 ’

211 2195 385 2238 stathius
423 2193 586 2250 quidem
619 2190 796 2250 ἇλείτης
827 2193 878 2235 ab
911 2189 1069 2236 ἀλείτω
1103 2193 1329 2236 derivatum
1359 2194 1458 2238 dicit
1495 2195 1572 2238 sed
1601 2195 1681 2239 hoc

210 2274 416 2317 nunquam
450 2262 493 2302 in
531 2273 610 2302 usu
642 2260 737 2310 fuit,
779 2272 858 2303 nec
893 2272 946 2302 ea
985 2259 1116 2303 fuisse
1148 2259 1311 2303 videtur
1343 2262 1523 2304 nominis
1561 2263 1705 2318 origo.

300 2419 358 2462 33)
390 2418 533 2464 Nempe
557 2418 729 2453 nonnulla
744 2423 934 2453 transeunt
960 2419 997 2453 in
1016 2418 1131 2453 verba
1155 2418 1293 2464 primae
1314 2418 1576 2463 declinationis,
1600 2417 1693 2465 ἠχή,

208 2473 324 2520 λυπή,
351 2473 476 2522 φωνή,
503 2478 634 2519 πτοία,
663 2472 774 2522 ἐρωή,
799 2472 959 2520 λαλαγή,
995 2472 1097 2520 ἰαχή,
1123 2471 1299 2520 στοναχή,
1324 2472 1474 2521 καναχή.
1522 2476 1599 2511 Sed
1623 2487 1679 2510 re·

210 2532 294 2578 gula
316 2531 444 2566 vincit:
475 2530 577 2578 ὃρμῶ
605 2533 637 2566 εἰ
658 2534 731 2576 μέν
755 2531 828 2565 ἐστι
856 2531 1027 2577 δευτέρας
1049 2532 1228 2575 συζυγίας,
1256 2529 1328 2566 ἀπὸ
1353 2533 1417 2566 τοῦ
1439 2528 1556 2579 ὁρμή·
1581 2533 1613 2566 εἰ
1635 2524 1697 2567 δὲ’

208 2585 360 2634 πρώτης,
382 2591 525 2634 γίνεται
549 2585 620 2622 ἀπὸ
647 2588 710 2622 τοῦ
735 2584 849 2634 ὅρμος
871 2586 987 2632 Epim.
1014 2586 1132 2622 eram.
1157 2585 1182 2621 1.
1209 2585 1286 2621 320.

297 2656 356 2699 34)
394 2654 526 2690 Suidas
547 2660 633 2700 post
651 2651 886 2700 ’Acpao‘ta—v‘y
918 2650 995 2700 ἁφή
1028 2650 1178 2688 δύναται
1209 2654 1271 2687 καὶ
1295 2650 1368 2688 ἀπὸ
1393 2654 1458 2688 τοῦ
1487 2663 1677 2700 περισπω-
1711 2647 1713 2650 ’

207 2714 322 2757 μένου
346 2710 432 2757 ἀφῶ
462 2713 655 2757 γεγονέναι
687 2712 748 2745 καὶ
772 2708 845 2744 ἀπὸ
870 2711 933 2745 τοῦ
967 2706 1169 2758 βαρυτόνου
1193 2706 1290 2755 ἅφω.
1339 2707 1420 2744 Hoc
1443 2709 1550 2744 etiam
1572 2706 1691 2744 Buta

208 2778 359 2802 mannus
384 2766 541 2802 Gramm.
564 2766 603 2802 ΙΙ.
633 2766 706 2801 117.
733 2777 799 2812 pro
824 2765 980 2801 themate
1004 2765 1116 2811 ponit.
