1708 3126
228 205 296 251 22
697 194 1169 241 DISSERTATIO
1215 194 1245 236 Ι.

231 320 295 357 est
328 324 449 368 quam
480 308 639 361 ἐνόθω,
684 309 791 351 unde
823 308 1063 352 Eustathius
1091 319 1241 351 nomen
1281 304 1386 348 illud
1419 309 1550 349 ortum
1579 310 1659 362 puts

232 377 584 436 Diphthongorum
620 388 720 418 usus
749 389 832 419 non
862 375 1080 418 admodum
1112 374 1198 417 late
1233 378 1356 429 patet.
1413 369 1657 427 Theognost

230 463 269 506 p.
298 446 366 490 95.
397 452 437 488 et
465 443 560 486 148.
603 444 658 487 τὰ
689 443 763 487 διὰ
790 446 868 488 τοῦ
895 434 974 487 ffu-
1007 443 1082 488 ὂιά
1111 445 1190 486 τοῦ
1214 433 1258 485 ἶ
1291 437 1575 496 γράφεται-
1595 440 1680 485 nh*

232 518 309 559 τοῦ
337 511 417 558 οἴω
449 514 497 556 τὸ
530 511 705 567 νομίζω.
763 513 971 556 Arcadius
1005 513 1099 556 165.
1143 511 1198 555 τὰ
1229 508 1294 563 εἷς
1317 500 1409 554 osto
1432 511 1687 566 περισπᾶν

236 581 277 625 εἰ
305 580 364 639 μὴ
402 578 634 630 διάστασις
674 578 841 634 γένοιτο
884 576 943 630 ὡς
981 577 1062 623 οἴω
1092 575 1189 622 ὀΐω.
1241 575 1292 620 ‘0
1332 575 1382 620 δὲ
1409 571 1491 620 οἴω
1529 574 1664 620 ἔνεστι

236 650 313 692 τοῦ
341 645 449 691 οἷ’σω
481 643 562 688 οὐκ
593 645 637 689 ἑν
664 645 831 703 χρήσει.
889 645 969 688 Pro
999 643 1145 702 φλοίω
1178 646 1221 687 in
1238 641 1460 686 Plutarchi
1489 641 1599 692 loco,
1630 654 1686 698 ql?

235 714 484 758 Karstenius
515 711 570 755 ad
596 710 763 769 Emped.
793 725 830 768 p.
848 711 943 754 253.
977 713 1218 769 scripturam
1246 708 1487 754 mendosam
1517 707 1681 752 defend'

236 780 529 825 restituendum
561 785 624 821 est
653 776 799 834 φλύω,
839 778 1028 835 quodque
1059 779 1103 820 in
1130 776 1258 820 Thes.
1297 774 1467 820 affertur
1493 771 1632 840 c’t—Zo—z'w
1661 791 1669 816 ι

238 849 441 905 Diogenis
479 848 574 891 loeo
604 855 716 890 recte
746 849 1032 891 exterminavit
1061 845 1379 890 Valckenarius.
1437 842 1484 887 In
1513 859 1602 888 ουω
1633 843 1690 899 (11

238 921 387 959 exeunt
415 914 629 970 hisyllaba
667 912 783 958 λούω
822 921 862 957 et
905 911 1070 970 κρούω,
1111 925 1281 969 quorum
1320 911 1528 969 primitiva
1556 908 1656 954 λόω·

240 979 359 1039 κρόω
390 993 516 1038 supra
552 981 681 1035 attigi.
745 978 962 1037 Τρούεται
1002 979 1255 1037 ξηραίνεται
1291 977 1391 1021 Hes.
1425 991 1500 1035 pro
1536 974 1640 1034 τρύε

239 1049 391 1092 dictum
428 1047 589 1091 videtur
626 1060 651 1090 a
692 1045 932 1090 Laconibus
978 1047 1044 1090 vel
1080 1046 1271 1097 Boeotis,
1319 1057 1492 1102 quorum
1535 1043 1696 1089 dialec'

241 1115 509 1158 Grammatici
541 1113 793 1157 homericum
832 1111 980 1170 ὄρούω
1019 1115 1251 1169 assignant.
1308 1111 1389 1155 Pro
1425 1107 1672 1167 ἆποκόψεμ

241 1178 382 1225 οἷ’·ατα
411 1180 459 1223 11.
488 1176 606 1222 XXI.
639 1179 735 1223 445.
793 1179 1032 1223 Eustathius
1072 1186 1216 1224 narrat
1253 1179 1476 1235 antiquitus
1520 1172 1668 1221 ἀπολο

241 1263 370 1302 σεμεν
397 1249 424 1290 i.
455 1261 492 1303 q.
527 1245 755 1291 κολούσειν
784 1248 978 1304 seriptum
1007 1247 1139 1290 fuisse
1171 1259 1222 1290 ac
1252 1244 1428 1302 Cyprios
1458 1244 1617 1288 λοῦσον
1642 1256 1671 1287 v
1695 1239 1699 1251 ²

242 1327 339 1358 care
370 1312 420 1357 τὸ
450 1311 654 1368 κολοβόν,
695 1326 776 1370 quo
814 1313 994 1356 fortasse
1024 1314 1231 1370 Apionum
1271 1311 1424 1368 aliquis
1460 1310 1626 1354 illectus
1654 1322 1677 1354 e

243 1381 296 1424 ad
329 1379 562 1436 fingendum
600 1379 769 1422 verbum
811 1377 939 1423 λούω.
999 1379 1112 1423 Idem
1140 1380 1264 1430 1792,
1295 1377 1335 1421 5.
1375 1377 1490 1435 addit
1525 1374 1644 1422 σὀύω

241 1450 320 1492 τοῦ
348 1446 439 1490 σόω
469 1443 719 1502 γενόμενον,
759 1438 811 1490 οὗ
853 1445 1117 1504 παράγωγον
1154 1439 1532 1503 λαοσσόοςῖᾍρης
1565 1442 1639 1487 καὶ
1693 1455 1696 1459 ·

242 1513 485 1557 λακωνικὸν
515 1510 746 1556 ἀπεσσούα
775 1507 910 1570 ἤγουν
940 1510 1230 1572 ἀφώρμησεν,
1270 1524 1412 1556 verum
1436 1508 1517 1554 hoc
1535 1503 1701 1560 doricus

244 1586 308 1623 est
335 1592 409 1636 pro
438 1575 572 1634 ἕσσύη
595 1585 638 1621 ut
664 1576 794 1635 ἐφύη,
825 1577 970 1637 ἐῤῥύη,
1001 1593 1028 1623 a
1055 1586 1274 1637 praesente
1304 1576 1508 1621 ineffabili
1537 1575 1624 1622 σέω
1651 1567 1708 1635 ve}

244 1643 348 1689 σύω.
367 1647 434 1696 ³⁴)
493 1643 555 1687 De
593 1641 739 1687 ἀκούω
773 1645 879 1689 duae
920 1652 1012 1689 sunt
1042 1648 1295 1696 sententiae3
1333 1642 1638 1687 Valckenarius
1666 1640 1708 1690 a!

245 1706 339 1754 ὅκω
378 1724 482 1755 acuo
511 1710 748 1767 productum
779 1717 891 1768 putat
926 1725 1039 1755 more
1077 1724 1321 1770 paragogae
1359 1716 1402 1754 ut
1439 1705 1531 1767 ὂρω
1560 1706 1708 1773 ὃρούιεξ

247 1776 379 1829 κόλος
417 1774 588 1820 κολούω
630 1783 670 1819 et
707 1776 898 1830 μολούω.
960 1777 1242 1822 Schneiderus
1282 1790 1382 1822 vero
1413 1776 1573 1820 confert
1601 1777 1708 1835 κοίἶιῇ,Ι

247 1844 354 1900 quod
378 1842 682 1899 Glossographi
711 1839 889 1887 ἀκούειν
907 1843 1224 1889 πυνθάνεσθαι
1253 1847 1368 1888 νοεῖν
1391 1844 1708 1900 interpretemini,

358 1924 394 1978 ᾗ.
421 1924 460 1966 6.
519 1920 658 1964 Verba
687 1923 729 1964 in
755 1913 823 1966 ὖῦ
851 1926 1056 1976 exeuntia,
1087 1938 1194 1981 quae
1218 1925 1445 1968 communis
1469 1920 1708 1968 consuetud!

248 1991 414 2040 aseivit,
444 1989 550 2032 haee
583 1995 696 2031 sunt:
726 1987 810 2041 ὕω,
836 1988 977 2044 βλύω,
1006 1988 1147 2046 βρύω,
1179 1988 1284 2045 βύω,
1317 1989 1419 2040 δύω,
1449 1987 1561 2040 θύω,
1594 1987 1708 2033 κλύω

250 2054 381 2106 κνύω,
415 2053 516 2104 κύω,
550 2053 663 2103 λύω,
691 2054 803 2108 μύω,
834 2053 935 2107 ξύω,
967 2054 1103 2104 πτύω,
1135 2055 1247 2115 ῥύω,
1275 2054 1406 2114 τρύω,
1439 2052 1578 2114 φλύω,
1609 2053 1708 2113 φύῶ

249 2123 397 2179 quibus
435 2121 597 2166 accedit
635 2124 675 2162 Γ
670 2118 781 2164 νύων
820 2120 1080 2180 νωθραίνων
1117 2122 1216 2166 Hes.
1259 2122 1311 2165 ab
1353 2121 1558 2178 adJectivo
1587 2120 1708 2177 νυθᾷῇ

250 2189 402 2232 debilis
434 2195 475 2232 et
504 2201 530 2231 a
558 2187 698 2230 verbis
725 2191 765 2228 Γ
761 2187 940 2231 νυπόντι
972 2187 1252 2237 ἀσθενοῦντι,
1285 2191 1325 2230 Γ
1319 2191 1472 2232 vva-etv
1505 2183 1708 2243 ἀσθενεῖν

251 2254 666 2311 Κατεγνυπωμένως
694 2256 881 2311 νωθρῶς
910 2254 1008 2298 Hes.
1038 2255 1152 2300 Phot.
1189 2269 1270 2300 non
1295 2255 1422 2311 longe
1452 2262 1655 2299 secretum
1683 2266 1708 2299 v

250 2321 443 2377 Prolegg.
463 2322 555 2366 107.
588 2330 628 2365 et
648 2319 842 2365 Δύουσιν
871 2319 1157 2380 ἀπορρέουσι,
1188 2325 1254 2366 cui
1279 2316 1574 2385 adminiculum
1602 2323 1708 2378 prae

250 2388 321 2431 bet
340 2386 439 2432 Δύα
471 2386 604 2447 κρήνη
635 2388 731 2431 Hes.
752 2396 792 2431 et
816 2388 880 2431 his
911 2390 1051 2432 vicina
1080 2389 1271 2434 videntur
1292 2381 1567 2446 debcuirfigm
1597 2389 1708 2437 delo<

252 2452 278 2510 ἡ
308 2452 516 2510 ὑγρασία,
551 2453 709 2513 διερός,
745 2454 912 2507 ὄιαίνω,
936 2451 1096 2507 Ἕνόιές
1128 2453 1306 2513 ἔνυδρον
1333 2454 1432 2514 Hes.
1464 2453 1618 2510 ‘Hujus
1650 2466 1708 2509 ani

252 2527 331 2563 tem
355 2521 506 2564 classis
537 2536 619 2565 non
650 2530 764 2565 tanta
793 2529 856 2565 est
881 2523 1003 2578 copia
1033 2529 1186 2578 quanta
1213 2521 1386 2564 videtur.
1444 2520 1551 2585 Nam
1578 2520 1708 2576 βλύεω

341 2656 402 2701 34)
438 2657 575 2693 Ahrens
599 2658 691 2694 Dor.
719 2657 792 2693 147.
832 2655 994 2693 ἀπέσστα
1025 2657 1169 2702 reponit
1199 2655 1502 2700 εεᾶ,ἀποσιῆναι
1538 2668 1605 2702 pro
1629 2656 1708 2700 ἀπα-

253 2716 384 2748 θανεῖν
409 2714 476 2748 dici
504 2725 576 2758 non
603 2714 751 2760 probat3
784 2712 924 2758 ἀπέσβη
949 2713 1001 2747 sic
1026 2713 1152 2749 dicitur
1185 2717 1222 2748 et
1241 2711 1419 2756 Ἀπέσκλη
1444 2712 1609 2750 ἀπέθανε
1634 2712 1708 2767 Hpq

254 2767 410 2813 Vulgato
435 2771 824 2822 tamenpatrocinatur
847 2770 983 2804 Anecd.
1008 2769 1125 2805 Bekk.
1147 2768 1224 2805 422.
1252 2766 1420 2805 ἀπεσσύα
1444 2768 1632 2807 ἀπέλιπεν.
1696 2799 1697 2802 ¹
