1708 3126
233 217 296 263 38
687 209 1158 255 DISSERTATIO
1203 211 1252 256 ll.

233 325 368 371 solum
405 324 554 379 τέρπω
595 337 621 367 a
653 321 817 367 θάλπω
857 323 931 367 sed
964 330 1176 381 utrumque
1215 337 1242 367 a
1269 323 1394 379 θὲρω
1433 320 1681 370 ιιι-οθεείνίεὶ;

233 391 414 440 videtur,
442 388 551 432 unde
577 386 752 446 θάρσος
776 390 1051 447 repetiysolet.
1096 389 1147 434 Et
1176 403 1299 447 quam
1327 396 1440 435 arcte
1467 390 1575 436 haec
1603 391 1699 438 inti¹¹

235 472 282 502 se
312 457 552 512 contingant
582 462 752 513 apparet
780 469 831 500 ex
855 456 1008 501 Julian.
1033 456 1105 501 Or.
1123 455 1232 499 VIII.
1257 456 1354 500 243.
1381 455 1606 516 θαλπωρή
1637 459 1676 504 ul

233 524 393 581 τέρψις
431 529 472 566 et
509 521 714 567 Christod.
744 521 893 581 Ecphr.
924 524 1016 568 166.
1056 521 1284 568 ἐθάλπετο
1320 521 1514 582 χάρματι
1550 521 1694 590 Qum}¹

234 591 324 634 Alii
350 597 489 634 tamen
527 589 734 633 diversam
765 590 949 646 ingressi
979 596 1072 634 sunt
1108 591 1242 634 viam:
1287 590 1540 648 τέρπεσθαι
1576 588 1697 652 pesve?

235 655 365 708 θεσίς
404 655 498 700 ἐστι
535 655 662 712 παρὰ
699 655 748 700 τὸ
786 656 1036 715 τρέπεσθαι
1063 655 1160 699 ΕΜ.
1188 657 1294 711 753,
1327 657 1396 700 39.
1425 656 1587 701 scilicet
1615 650 1693 715 qul

236 719 263 780 ἡ
296 719 429 780 ἡδονὴ
463 721 668 779 ἐκτρέπει
706 726 785 766 τοῦ
823 724 999 775 δέοντος
1027 723 1123 767 sch.
1154 723 1200 766 ll.
1229 721 1341 766 xlv.
1369 723 1466 767 314.
1506 723 1575 768 vel
1605 731 1683 781 quo

237 786 402 843 ἀπάγει
423 789 510 831 τῶν
525 789 735 846 λυπηρῶν
751 788 850 833 Sch.
867 789 920 833 Il.
937 788 1055 833 XIX.
1072 790 1168 833 513.
1199 790 1308 847 quod
1324 789 1626 848 quodammodo

237 854 351 898 feudi
379 861 514 911 potest
543 857 851 912 comparatione
886 858 1105 912 synonymi
1137 854 1430 908 ἐξαλλάττειν.
1486 855 1577 901 Hoc
1605 855 1676 901 en'

236 919 494 976 Phrynichus
516 918 604 964 Ecl.
620 921 718 964 363.
746 935 821 979 pro
850 922 1017 979 τέρψαι
1046 922 1122 966 καὶ
1151 925 1426 979 παραγαγεῖν
1452 921 1518 976 εἷς
1551 920 1666 982 εὗφρ
1690 926 1697 943 ’

239 984 371 1043 σύνην
411 986 495 1030 dici
532 989 650 1031 testis
689 995 753 1032 est
782 989 836 1032 cs.
866 986 996 1032 Orell.
1026 987 1168 1046 Suppl.
1203 990 1258 1033 ad
1286 988 1421 1034 Nicol.
1450 988 1570 1035 Dam.
1601 1005 1642 1048 p.
1671 978 1708 1040 ’,ᾗ

238 1053 432 1098 Attamen
461 1055 646 1109 argutius
675 1055 847 1099 videtur.
907 1053 993 1098 Sed
1019 1057 1183 1098 etiamsi
1212 1056 1363 1112 τέρπω
1391 1063 1431 1100 et
1459 1056 1610 1115 τρέπω
1638 1056 1708 1105 υἰέ

237 1126 332 1164 tura
353 1120 522 1163 diversa
546 1122 640 1172 sint,
669 1128 809 1165 tamen
835 1121 925 1164 fieri
948 1123 1077 1178 potuit
1097 1128 1139 1164 ut
1165 1121 1317 1179 aliquis
1346 1135 1422 1180 pro
1448 1122 1600 1180 τρέπω
1629 1099 1708 1169 παῖ

233 1187 357 1242 jectis
398 1189 595 1231 consonis
632 1188 788 1232 diceret
830 1188 1001 1245 τέρπω,
1041 1189 1246 1245 quomodo
1284 1187 1518 1245 Hesychius
1556 1184 1708 1250 accepffl

243 1252 531 1313 Τερπώμεθα
565 1253 862 1312 τρεπώμεθα,
906 1261 946 1298 et
983 1262 1025 1298 ut
1061 1257 1272 1299 contraria
1307 1255 1526 1300 metathesi
1565 1257 1708 1315 τέρπὶῇ

238 1328 418 1365 verteret
447 1322 490 1364 in
523 1321 674 1378 τρέπω
701 1322 744 1364 id
777 1322 886 1378 quod
929 1321 982 1365 ab
1013 1321 1193 1365 Homero
1223 1324 1393 1379 saepius
1431 1323 1584 1368 factum
1617 1316 1703 1371 ess'

239 1394 420 1431 statuunt
462 1387 785 1446 Scholiographi
826 1395 867 1431 et
918 1391 1122 1432 consentit
1164 1387 1446 1433 Buttmannus.
1518 1332 1708 1451 Noutria}

241 1461 377 1514 tamen
401 1455 463 1497 rei
493 1454 739 1498 documenta
765 1455 965 1499 habemus
993 1456 1185 1507 indubia3
1229 1469 1324 1499 nam
1354 1469 1488 1514 neque
1516 1455 1708 1518 Hesychil

242 1521 468 1564 auctoritas
498 1527 563 1564 sat
592 1523 738 1576 gravis
766 1529 805 1565 et
834 1523 1137 1567 homericorum
1164 1522 1352 1566 locorum
1381 1525 1588 1567 sententia
1617 1516 1708 1578 coit}⁴

240 1594 431 1631 troversa
459 1593 536 1630 est.
557 1590 597 1640 ⁹)
655 1587 826 1645 Alioqui
853 1602 928 1645 pro
957 1589 1108 1646 τρέπω
1137 1589 1219 1632 dici
1249 1590 1434 1646 potuisse
1459 1584 1614 1648 ’τέρπω
1643 1584 1708 1709 ap‘i

239 1659 357 1710 paret
376 1666 428 1696 ex
454 1653 653 1697 derivatis
678 1650 881 1711 ὅτ’τραπος
897 1662 938 1698 et
958 1651 1175 1712 ὄῖταρπος,
1191 1651 1423 1714 ’Ἀτροπος
1451 1663 1492 1700 et
1504 1653 1680 1716 ,Ἀταρπ

239 1719 377 1764 Parca
414 1718 512 1763 Sch.
545 1718 621 1763 od.
651 1719 739 1763 VII.
770 1721 865 1764 197.
924 1721 1030 1765 Hinc
1067 1722 1251 1766 deducor
1287 1723 1340 1767 ad
1376 1723 1560 1767 ultimum
1596 1718 1708 1781 huju*

242 1787 412 1842 generis
443 1785 568 1844 ἕρπω
599 1799 721 1843 serpo
747 1794 787 1830 et
814 1801 926 1844 repo,
957 1795 997 1832 et
1026 1789 1080 1831 ad
1110 1789 1289 1833 similem
1310 1791 1520 1847 utriusque
1544 1790 1661 1848 lingu
1687 1783 1689 1797 ³

242 1853 563 1910 discrepantiam
582 1853 626 1895 in
651 1855 775 1907 rapio
798 1849 1000 1911 άρπάζω,
1031 1857 1146 1911 quus
1164 1857 1413 1913 primigenia
1430 1857 1565 1901 forma
1583 1853 1708 1918 &ond

242 1920 453 1976 colligitur
494 1933 546 1963 ex
585 1921 802 1976 participio
848 1916 1081 1977 ἁρπαμένη
1135 1924 1304 1966 aoristis
1347 1925 1563 1980 asigmatis
1605 1920 1647 1969 εἷ
1704 1926 1708 1932 “

242 1981 373 2036 εἶπα,
411 1982 572 2043 ἤνεγκα
600 1986 908 2030 adnumerando
938 1992 977 2029 et
1006 2000 1057 2030 ex
1086 1989 1322 2033 nominibus
1353 1987 1476 2048 ἅρπη
1506 1925 1708 2049 Ιιίῑριιελῇ

242 2053 358 2109 irpex
385 2066 424 2096 v.
455 2051 615 2107 Scalig.
653 2053 707 2095 ad
735 2052 853 2096 Varr.
887 2051 954 2094 lV.
985 2053 1053 2095 95.

354 2119 392 2173 ξ.
421 2119 461 2163 3.
522 2118 708 2162 Tertiam
739 2119 957 2162 labialium
987 2133 1094 2177 quae
1121 2122 1164 2163 in
1186 2122 1297 2165 exitu
1325 2121 1490 2174 habent,
1518 2119 1708 2182 pleraquj

242 2199 346 2244 pura
376 2194 491 2238 sunt,
533 2187 613 2231 duo
649 2201 724 2245 per
747 2188 872 2246 alpha
899 2187 1057 2247 γλάφω
1089 2197 1127 2232 et
1161 2188 1340 2249 γράφω,
1376 2193 1554 2249 quinque
1580 2180 1708 2267 per}

244 2267 350 2311 quae
382 2253 676 2310 Theognostus
706 2263 918 2299 enumerat
944 2270 983 2314 p.
1011 2255 1105 2299 138.
1139 2257 1283 2313 ὄέφω,
1319 2257 1489 2316 στέφω,
1525 2259 1708 2332 στριὲφιφιΙ

242 2320 408 2378 τρέφω,
437 2320 588 2378 ψέφω,
618 2323 744 2365 tacite
775 2329 1082 2379 praetervectus
1111 2323 1278 2381 ἓρέφω,
1305 2324 1487 2369 fortasse
1508 2326 1606 2382 quia
1633 2326 1708 2390 prii¹

243 2400 352 2430 mam
380 2387 569 2431 vocalem
587 2391 909 2446 praepositivam
940 2403 1035 2433 esse
1056 2391 1211 2447 putavit
1238 2389 1405 2434 v.Diss.
1436 2390 1487 2434 de
1503 2390 1698 2440 Prosthen

243 2467 279 2497 c.
310 2453 361 2495 11.
421 2453 629 2498 Praesens
666 2455 807 2513 νέφω,
848 2457 957 2513 quod
991 2457 1123 2500 nostri
1159 2455 1428 2501 Grammatici
1463 2471 1660 2516 receperu

243 2519 504 2565 Herodianus
537 2522 579 2566 in
617 2521 726 2566 libro
758 2523 808 2566 de
845 2522 1214 2580 Conjugationihus
1255 2525 1451 2581 inscripto
1479 2526 1700 2571 inusitatun

333 2680 370 2724 9)
404 2679 521 2716 Nimis
544 2681 668 2728 inepte
691 2682 754 2716 illa
783 2682 991 2727 conjectura
1024 2681 1239 2717 transfertur
1271 2682 1317 2717 ad
1337 2680 1406 2718 od.
1432 2682 1512 2719 vn.
1537 2683 1615 2720 279.
1636 2666 1708 2729 2033

243 2747 305 2779 ρος
329 2734 484 2782 ἀτερπής
499 2756 538 2763 ἃ
556 2735 646 2773 ὅθεν
670 2737 737 2773 οὐκ
761 2731 806 2781 ἦν
823 2740 1003 2785 τραπῆναι
1025 2739 1088 2773 καὶ
1107 2738 1285 2785 ἐκφυγεῖν
1311 2744 1348 2773 et
1364 2739 1411 2774 ad
1435 2735 1708 2804 τερπικέραυνᾴ

243 2788 261 2824 ὂ
288 2790 368 2830 τούς
396 2791 581 2833 ἐναντίους
605 2797 653 2839 τῷ
679 2797 846 2842 κεραυνῷ
871 2797 1014 2843 τρέπων
1038 2795 1121 2832 Sch.
1151 2794 1189 2830 ll.
1215 2794 1310 2830 Vlll.
1339 2795 1367 2831 1.
1704 2791 1708 2830 ἱ
