1708 3126
231 207 296 253 70
678 200 1141 246 DISSERTATIO
1185 201 1252 245 lv.

235 315 441 359 attulisset
477 311 569 355 νάω
606 310 832 369 νηρός.42)
899 311 1048 357 Futuro
1087 311 1218 371 πήσω
1255 325 1489 370 congruens
1525 315 1637 359 aori!

234 380 382 437 πὴσας
423 376 519 422 ἀντὶ
557 382 636 423 τοῦ
679 375 844 423 παθών
886 378 983 423 Sch.
1021 380 1172 436 Agam.
1211 379 1334 424 1624.
1379 380 1613 424 defenditur

233 447 468 490 Hermanno
500 445 554 488 ad
569 443 702 488 Nubb.
719 445 839 488 1122.
873 446 947 489 alii
975 445 1169 498 πταίσας
1198 448 1429 502 corrigunt;
1459 445 1641 504 Πήσασέ

232 513 508 570 μέμψασθαι
539 511 637 555 HeS.
669 512 766 568 quid
796 513 861 564 sit,
890 526 973 556 non
1003 519 1173 570 exput03
1203 513 1279 556 sed
1309 515 1441 570 πῆμα
1466 512 1571 557 nihil
1594 513 1665 566 ali

235 587 298 623 est
333 592 456 635 quam
491 575 687 635 πάθημα
716 578 839 621 Anth.
866 578 914 622 V.
941 579 1037 622 236.
1071 579 1321 635 Τανταλὲης
1349 575 1580 636 ἂχερόντια
1621 596 1657 624 n:

234 662 354 700 ματα
383 647 542 702 ποινῆς
569 659 595 688 a
619 645 849 703 prototheto
879 643 1004 697 πάω,
1038 646 1148 702 quod
1177 652 1360 690 assumto
1387 645 1501 689 theta
1527 643 1652 700 (πάθ-

237 712 393 768 duplici
409 714 570 756 ratione
590 712 643 755 ad
673 725 790 754 usum
822 712 1127 756 accommodari
1156 719 1317 769 poterat
1342 712 1412 757 vel
1442 712 1655 770 productio

234 778 396 823 vocalis
427 776 567 835 πήθω
603 778 671 822 vel
707 780 1019 835 interpositione
1052 791 1264 823 consonae
1303 777 1478 829 πένθω,
1513 779 1629 834 eujus

237 845 504 888 similitudine
541 844 637 888 ficta
671 851 764 887 sunt
801 844 1017 899 πείσομαι
1057 852 1096 888 et
1130 845 1357 890 πέπονθα.
1414 843 1566 888 Verum
1601 843 1644 888 id

238 909 343 955 πάω
366 912 410 954 in
439 908 570 968 πήχω
595 911 766 967 produci
796 918 958 967 poterat
989 918 1029 954 ut
1057 909 1186 965 σμάω
1217 910 1367 970 σμήχω
1384 917 1461 955 etc.
1491 917 1532 954 et
1557 917 1654 954 utra,

238 991 317 1034 que
361 978 587 1034 aspiratam
627 977 843 1034 explendis
879 978 1019 1021 verbis
1048 979 1163 1034 puris
1193 977 1419 1022 adhibitam
1456 990 1553 1021 esse
1585 977 1664 1021 doc

237 1051 414 1087 mentum
443 1043 615 1101 praebet
654 1044 858 1088 aeolicum
897 1042 1050 1101 πλήχω
1079 1040 1175 1087 ἀντὶ
1210 1045 1290 1087 τοῦ
1318 1041 1485 1102 πλήθω
1513 1042 1670 1087 θωπί.»

239 1109 333 1153 149.
364 1110 407 1153 id
436 1110 546 1167 quod
574 1111 699 1153 etiam
719 1113 763 1153 in
792 1110 1070 1153 declinatione
1100 1112 1309 1154 nominum
1328 1109 1575 1154 observatur
1595 1104 1624 1152 ὅ
1674 1118 1675 1122 ’

236 1180 324 1227 θος
353 1171 539 1234 ὄρνιχος.
598 1175 684 1220 Sed
714 1191 788 1233 pro
818 1175 945 1233 πήχω
967 1176 1142 1220 Graecis
1169 1176 1358 1220 collibuit
1383 1172 1541 1230 πάσχω
1571 1175 1664 1219 dice

237 1248 395 1285 retento
415 1242 542 1298 alpha
568 1245 774 1300 primitivo
806 1244 1027 1300 additoque
1057 1243 1235 1286 fulturae
1262 1245 1356 1286 vice
1391 1243 1530 1298 sigma
1555 1249 1598 1285 ut
1632 1238 1681 1299 ²¹·

238 1305 358 1362 ἴσχω,
394 1310 509 1364 cujus
542 1312 750 1366 proprium
780 1310 954 1353 futurum
985 1316 1049 1353 est
1079 1307 1239 1365 σχήσω,
1266 1308 1382 1364 alym
1409 1308 1566 1365 μίσγω,
1601 1308 1663 1367 λέ)

238 1374 362 1427 λέχος
394 1375 539 1431 λέσχη.
599 1376 750 1419 Cetera
771 1390 877 1433 quae
906 1378 949 1418 in
979 1376 1068 1431 §.3.
1101 1374 1269 1419 exhibui
1298 1387 1525 1420 consonam
1551 1376 1663 1433 penit

239 1439 406 1484 infixam
447 1441 601 1485 habent
641 1443 716 1485 sed
758 1442 957 1499 pleraque
996 1441 1234 1486 mutabilem
1275 1439 1425 1499 βρύχω
1458 1436 1688 1499 βρύκωβί

237 1505 375 1561 ῥέγχω
427 1507 640 1565 ῥέγκομαι
677 1508 843 1565 aliaque
878 1522 1004 1565 supra
1041 1508 1174 1559 dicta3
1222 1521 1303 1565 quo
1341 1508 1503 1552 accedit
1535 1510 1690 1571 variat⁴

237 1572 398 1616 vocalis
437 1576 659 1631 praecipue
690 1577 731 1617 in
775 1576 1146 1631 onomatopoeticis
1183 1575 1473 1633 βραχεῖν,“)
1508 1578 1648 1631 βραγχ
1684 1582 1686 1585 ’

236 1638 506 1695 βεβρυχέναι,
527 1644 596 1694 ⁴⁵)
631 1643 910 1697 βρυχᾶσθαι,
940 1643 1249 1698 βρυχανᾶσθαι
1273 1642 1617 1696 βραυκανᾶσθαι
1645 1654 1671 1685 l·

238 1707 346 1762 gire,
374 1709 418 1749 in
446 1708 595 1764 quibus
625 1708 730 1751 nihil
766 1709 872 1752 firmi
901 1716 940 1753 et
971 1709 1095 1753 solidi
1123 1701 1355 1768 praeter?
1377 1716 1418 1753 et
1444 1703 1650 1765 gutturale

239 1786 292 1815 ea
330 1775 452 1829 quasi
492 1776 715 1818 statumina
751 1779 882 1819 vocis.
953 1774 1131 1831 Τεύχειν
1167 1774 1396 1820 Passovius
1437 1788 1532 1820 cum
1576 1792 1673 1821 τεκε

240 1846 460 1894 cognatum
488 1848 614 1897 putat,
645 1848 688 1884 ut
712 1841 990 1886 Doederlinus
1017 1841 1175 1898 Synon.
1202 1840 1272 1886 III.
1290 1841 1359 1885 54.
1388 1855 1539 1899 parare
1569 1848 1611 1886 et

328 2181 389 2225 42)
415 2181 576 2217 Indidem
608 2187 664 2217 est
687 2181 810 2230 πωρός
833 2182 851 2218 ὃ
883 2181 1020 2230 τυφλός
1040 2183 1138 2219 Suid.
1167 2186 1396 2232 ταλαίπωρος
1419 2185 1443 2220 ἰ.
1469 2196 1503 2231 q.
1529 2170 1708 2311 τληπαξ

237 2236 338 2286 παρὰ
369 2236 407 2273 τὸ
432 2242 572 2285 πωρεῖν
604 2237 643 2274 τὸ
668 2243 826 2275 πενθεῖν
850 2245 886 2274 et
909 2238 1077 2288 πωρητύς
1107 2240 1372 2277 v.Hemste1-h.
1398 2241 1445 2276 ad
1468 2241 1555 2277 Plut
1592 2252 1618 2276 v

236 2292 374 2330 Bernh.
401 2295 448 2329 ad
472 2295 572 2330 Suid.
597 2295 620 2330 l.
648 2306 677 2329 c.
1694 2315 1708 2382 ξ

329 2360 389 2405 43)
410 2360 562 2398 Ὀδόντα
588 2360 675 2402 ὀξὺν
699 2359 946 2410 ἔπιβρύκουσα
969 2361 1171 2399 Anth.V11.
1190 2361 1270 2398 433.
1316 2360 1477 2411 Βρύχειν
1500 2362 1583 2405 τούς
1605 2352 1708 2424 ὀδόὴ

236 2430 299 2457 τας
322 2415 363 2453 οὐ
397 2419 527 2466 τρίζειν
552 2417 679 2454 Thom.
706 2429 740 2454 v.
766 2417 924 2454 Ellendt.
949 2418 1039 2454 Lex.
1070 2418 1183 2465 Soph.
1211 2418 1252 2454 T.
1279 2417 1307 2454 1.
1335 2418 1414 2455 3⁶23.

328 2485 389 2529 44)
427 2484 551 2520 Schol.
586 2483 626 2520 11.
658 2483 757 2520 XIII.
786 2485 861 2522 181.
896 2483 1009 2534 βράχε
1039 2486 1389 2532 ωνοματοπεποίηκε
1418 2485 1493 2523 ἀπὸ
1525 2489 1589 2524 τοῦ
1620 2445 1708 2683 ἥχζ1

236 2542 309 2577 τῶν
332 2538 497 2577 ὑδάτων·
530 2541 702 2576 ἐντεῦθεν
725 2541 845 2577 καὶτὸ
875 2544 1020 2590 βρέχειν
1044 2539 1263 2589 ὠνόμασται.
1310 2542 1392 2579 Hoc
1411 2542 1497 2589 jure
1526 2543 1673 2591 impugn

234 2597 476 2632 Buttmannus
500 2596 592 2633 Lex.
622 2596 784 2633 11.1-21.
818 2602 982 2647 Βραιφζειῖν
1011 2598 1058 2633 de
1081 2598 1202 2634 sonitu
1227 2609 1344 2644 aquae
1371 2599 1584 2646 Apollonius
1608 2608 1694 2637 usur

235 2654 352 2698 pavit,
378 2665 451 2689 non
476 2653 665 2688 Homerus.

325 2721 385 2763 45)
420 2722 644 2766 Βεβρυχέναι
686 2721 770 2757 κατ’
807 2721 1043 2768 ὄνοματοποίι
1037 2721 1092 2758 ''ctv
1135 2719 1208 2758 ἀπὸ
1249 2723 1312 2759 zos·
1358 2720 1498 2768 βλύζειν
1531 2720 1554 2766 ἢ
1584 2707 1708 2807 podati

235 2775 335 2810 Eust.
362 2775 447 2818 939,
475 2777 530 2811 25.
1678 2776 1695 2797 ‘³

1688 2829 1708 2946 ³2³

1687 2907 1708 3012 l

1680 3005 1708 3126 i
