1728 3120
234 182 334 231 286
467 205 470 210 ,
651 147 1114 219 uiSSERTAT‘ro
1157 174 1287 218 xvn.

229 279 431 348 graecus,
457 287 696 343 plerumque
727 286 780 330 ab
811 300 893 331 una
921 294 1096 344 quatuor
1121 287 1371 344 liquidarum
1398 288 1703 346 incipientibus,

231 369 386 412 easque
415 353 682 408 Analogetici
719 353 911 409 syllabae
950 353 1073 396 futuri
1110 353 1331 411 principali
1373 355 1498 398 attoni
1523 354 1702 412 fingunt:

231 423 292 474 (ὃς
323 418 448 478 παρὰ
486 419 562 462 τὸν
595 417 715 476 χήσω
751 420 968 474 μέλλοντα
996 419 1071 464 τὸν
1102 419 1372 477 σημαίνοντα
1397 419 1449 465 τὸ
1473 424 1604 478 χωρῶ
1635 420 1702 477 yt'v

228 505 348 533 νεται
380 484 514 543 χηλός
548 483 575 543 ἡ
614 485 800 541 κίβωτος
838 485 912 530 καὶ
949 486 1074 545 παρὰ
1112 486 1188 530 τὸν
1223 482 1348 544 βήσω
1386 487 1546 545 βῆλοςι,
1585 486 1703 532 οὕτω

230 553 319 600 ἀπὸ
352 555 429 596 τοῦ
460 551 593 596 δείσω
624 550 770 604 δειλός
799 551 1003 596 Choerob.
1032 553 1169 597 Cram.
1198 552 1228 596 I.
1259 553 1353 597 193.
1385 554 1434 598 ἐκ
1463 555 1542 599 τοῦ
1568 551 1703 611 θήσω

227 622 391 679 γίνεται
424 618 663 677 ῥηματικὸν
693 614 834 673 ὄνομα
864 618 984 676 θήλη
1012 618 1106 662 EM.
1121 620 1219 672 450,
1237 620 1307 663 30.
1335 617 1453 678 μήλη
1481 618 1608 676 παρὰ
1626 618 1704 664 τὸν

226 689 354 748 μήσω
387 703 426 746 p.
453 687 549 739 584,
574 688 643 731 49.
682 685 705 732 ὁ
739 685 805 739 εἷς
834 679 910 732 σῖ
935 688 1107 742 μέλλων
1144 687 1221 746 τὴν
1254 680 1328 733 o—co
1362 687 1518 747 τρέπει
1553 685 1620 740 εἷς
1641 679 1702 744 Tr]

226 756 358 802 πάσω
399 753 541 812 πάλη,
582 750 766 810 ἇνθήσω
806 751 1002 811 ἂνθήλη,
1046 752 1087 798 εἰ
1117 755 1167 799 δὲ
1197 753 1285 810 ἐᾷει
1319 755 1523 803 διπλοῦν,
1565 770 1703 814 προς--

228 824 401 882 έρχεται
438 818 575 874 ζεύξω
620 819 792 877 ζεύγλη,
837 818 991 875 τρώξω
1028 819 1200 879 τρώγλη
1236 821 1343 874 662,
1373 821 1443 865 144
1483 819 1611 880 παρὰ
1648 820 1696 866 τὸ

227 890 408 947 στρέψω
440 888 626 946 στρέβλη
658 885 717 939 ὡς
743 884 890 943 στήσω
923 884 1060 945 στήλη
1088 888 1184 940 729,
1213 887 1282 932 48.
1321 895 1362 932 et
1391 889 1550 932 omissa
1576 887 1701 932 futuri.

226 958 430 999 mentione
466 950 557 997 ἀπὸ
596 956 677 996 τοῦ
711 955 800 996 στῶ
838 953 997 1005 στῦλος
1036 950 1096 1005 ὥς
1125 956 1190 1009 χῶ
1224 952 1315 1010 χύω
1341 951 1487 1010 ᾖςυλός.
1542 952 1702 999 Eodem

225 1023 347 1066 modo
375 1024 483 1064 inter
508 1034 553 1063 se
585 1026 824 1076 comparata
853 1026 946 1062 sunt
973 1018 1070 1074 βάω
1097 1018 1252 1078 βηλός,
1285 1019 1389 1078 φάω
1419 1017 1566 1078 φαλός
1594 1020 1700 1065 luci-

223 1091 313 1141 duS‚
344 1086 456 1132 ὂαῖω
477 1084 624 1138 δαλός,
651 1085 760 1130 καίω
784 1083 941 1142 κήλεος
963 1085 1214 1144 περίκηλος,
1245 1082 1339 1131 αἷὶω
1360 1082 1507 1140 αὐλός,
1538 1084 1697 1144 θραύω

222 1156 423 1213 θραῦλος
462 1160 502 1196 et
538 1153 702 1196 diverso
747 1159 920 1195 accentu
967 1151 1244 1210 macules-²⁹)
1291 1153 1375 1206 ζέω
1412 1153 1562 1210 ζῆλος,
1603 1152 1697 1208 βύω

223 1219 376 1266 Βυλλά
416 1219 664 1276 βεβυσμένα
702 1218 891 1272 Hes.³⁰)
935 1216 1035 1277 φύιο
1080 1217 1267 1273 φύλλον,
1314 1216 1414 1274 μύω
1458 1217 1604 1273 μύλλα
1641 1219 1697 1264 τὰ

220 1288 356 1346 χείλη.
415 1289 477 1332 De
507 1287 741 1332 nominibus
772 1289 815 1330 in
839 1277 929 1342 ἷὸξ
965 1294 1005 1330 et
1032 1278 1103 1345 ἶῆ
1131 1287 1375 1332 exeuntibus
1407 1287 1506 1344 quid
1541 1294 1698 1332 statue-

220 1359 322 1408 rint,
363 1369 489 1414 supra
516 1356 688 1413 exposui
717 1355 754 1410 ξ.
780 1354 820 1397 4.
881 1354 942 1397 De
971 1356 1094 1398 tertia
1122 1354 1371 1412 liquidarum
1400 1354 1549 1398 eadem
1577 1354 1698 1398 dicti·
1727 1375 1728 1409 3

220 1430 327 1467 tant:
372 1426 453 1479 ψιῦ
489 1420 623 1479 ψήσω
660 1418 806 1479 ψηνός
838 1419 1080 1480 ῥηματικὸν
1118 1415 1259 1474 ὄνομα
1293 1434 1332 1478 p.
1361 1420 1464 1472 817,
1495 1420 1563 1463 53.
1603 1417 1697 1465 ἀπὸ
1726 1415 1728 1461 ἑ

219 1492 298 1534 τοῦ
327 1492 427 1542 σμῶ
456 1486 604 1545 σμώνη
623 1500 632 1510 ·
667 1490 746 1531 τοῦ
777 1487 826 1531 δὲ
855 1489 952 1541 σμῶ
983 1485 1006 1531 ὃ
1038 1487 1210 1542 μέλλων
1244 1484 1408 1542 σμώσω
1438 1486 1695 1543 Theognost.

221 1556 316 1599 115.
350 1555 458 1598 unde
481 1554 730 1610 significatio
751 1553 793 1597 fit
821 1567 913 1597 eum
944 1551 1039 1606 ζώω
1073 1553 1183 1610 ζώνη
1210 1552 1285 1596 καὶ
1309 1550 1410 1607 χώω
1435 1550 1550 1611 χώνη
1570 1567 1608 1611 p.
1623 1554 1693 1598 87.

217 1624 374 1680 pariter
392 1622 447 1665 ad
474 1622 652 1665 futurum
680 1633 920 1671 revocasse,
949 1619 1139 1676 idemque
1170 1618 1397 1675 significari
1425 1621 1469 1663 in
1484 1618 1580 1662 EM.
1595 1620 1694 1672 247,

218 1690 285 1732 39.
321 1686 454 1739 δανός
484 1685 575 1732 ἀπὸ
607 1691 685 1733 τοῦ
721 1687 846 1732 ὁαίω.
906 1686 1048 1743 Neque
1080 1686 1274 1733 aliterde
1297 1692 1465 1743 quarta:
1495 1685 1623 1744 παρὰ
1641 1685 1692 1731 τὸ

217 1758 278 1798 νῶ
306 1752 328 1798 ὁ
358 1747 693 1814 μέλλωνναρός
719 1755 816 1805 597,
843 1753 912 1796 43.
943 1767 982 1797 v.
1006 1752 1200 1810 Prolegg.
1229 1753 1328 1796 259.
1362 1751 1508 1809 πηρὸς
1535 1752 1583 1797 ἐκ
1610 1755 1694 1797 τοῦ

218 1819 356 1879 πήθω
382 1818 513 1878 πήσω
532 1822 630 1873 671,
649 1822 688 1864 l.
721 1835 801 1878 quo
832 1824 994 1879 aptiora
1014 1821 1154 1865 afferri
1181 1827 1369 1878 poterant
1391 1817 1523 1876 θράω
1545 1821 1694 1877 θραῦ-

217 1904 296 1943 ρος
323 1887 503 1942 fragilis,
535 1885 710 1946 ῥιόομαι
740 1888 885 1946 ῥωρός
913 1886 937 1932 ὃ
970 1886 1148 1945 ἰσχυρός
1173 1885 1272 1930 Hes.
1289 1890 1355 1939 ⁸¹)
1411 1884 1528 1930 Haec
1554 1898 1692 1942 pauca

182 2003 186 2007 ,
217 1967 269 1996 ex
301 1955 458 2008 ingenti
487 1953 650 1996 cumulo
680 1957 870 2010 excerpsi
899 1968 982 1998 non
1010 1968 1090 2010 quo
1116 1954 1302 2010 placeret
1329 1953 1436 1996 baec
1465 1952 1691 1996 futurorum
1723 1998 1726 1999 ⁷

219 2021 447 2062 enormium
485 2025 525 2061 et
563 2017 835 2063 ineffabilium
874 2020 1062 2063 confictio
1104 2020 1178 2062 sed
1213 2026 1255 2062 ut
1292 2022 1473 2076 priscum
1517 2018 1691 2062 scholae

215 2099 372 2130 morem
401 2084 688 2128 adumbrarem
727 2086 954 2143 eademque
995 2098 1123 2143 opera
1153 2085 1413 2129 ostenderem
1453 2091 1606 2141 quanta
1635 2086 1691 2128 sit

212 2201 327 2244 θέσει,
353 2198 372 2234 ὁ
397 2199 438 2234 δὲ
462 2195 659 2238 Φιλόξενος
680 2198 781 2245 παρὰ
806 2199 845 2235 τὸ
871 2202 934 2247 ψώ·
964 2197 1192 2247 παράγωγον
1216 2200 1306 2244 ψίω,
1330 2195 1404 2244 ἀφ’
1428 2187 1472 2232 οὗ
1495 2194 1584 2242 ψιᾶς
1609 2197 1690 2241 (καὶ

212 2254 286 2291 ἀπὸ
310 2257 375 2291 τοῦ
399 2252 484 2301 ψάω
510 2251 646 2299 ψακάς)
670 2253 760 2290 ΕΜ.
775 2255 854 2300 818,
880 2256 936 2293 48.
986 2257 1076 2292 Cum
1101 2255 1212 2293 σπέος
1236 2264 1374 2301 specus
1385 2251 1556 2299 Hesychii
1577 2251 1688 2288 inter-

212 2317 336 2357 pretes
361 2307 634 2346 conferunt'na
660 2310 848 2358 συστροφὴ
876 2309 1010 2352 ὕδατος
1034 2317 1070 2346 et
1097 2320 1213 2356 aqua.

302 2368 363 2412 29)
396 2367 529 2402 Latine
552 2379 627 2402 voa:
651 2367 828 2413 infracta
854 2368 981 2403 dicitur
1003 2366 1025 2411 ἡ
1049 2368 1299 2415 τραυλίζουσα.

302 2423 363 2468 30)
394 2423 480 2459 Uno
505 2423 651 2459 lambda
674 2424 844 2470 scriptum
869 2430 925 2459 est
947 2421 1180 2471 Σκορόβυλος
1211 2419 1398 2469 κάνθαρος
1420 2419 1491 2456 hoc
1516 2417 1573 2454 est
1597 2429 1685 2454 sca-
1722 2419 1724 2422 ’

210 2479 382 2517 rabaeus
414 2482 483 2525 qui
505 2480 616 2528 pilas
648 2483 834 2516 stercoris
865 2480 986 2516 volvit
1007 2472 1102 2515 Pli'n.
1138 2489 1268 2524 graece
1300 2474 1480 2524 βύλλαρος
1507 2475 1622 2510 dictus
1647 2480 1686 2510 et

210 2535 354 2587 Βύρῥος
377 2535 562 2583 κάνθαρος
580 2537 783 2585 Τυῤῥηνοί;
807 2537 919 2572 latine
942 2537 1044 2571 fullo.
1090 2534 1183 2569 Illud
1199 2535 1357 2570 sortasse
1375 2530 1601 2569 scribendum
1627 2535 1684 2566 est
1723 2565 1728 2569 .

210 2590 439 2642 σκωρόβυλος
462 2593 522 2629 vel
547 2590 816 2640 σκωρόβυλλος,
847 2593 980 2638 quippe
1010 2603 1033 2627 a
1061 2589 1169 2638 σκώρ.

297 2649 358 2693 31)
391 2649 421 2684 Α
447 2647 516 2690 ζάω
547 2648 702 2684 sortasse
727 2648 837 2696 ζωρός
862 2650 985 2692 vivus,
1016 2658 1086 2693 quo
1109 2646 1293 2682 intellectu
1316 2655 1410 2690 aqua
1437 2644 1544 2687 viva,
1577 2643 1681 2678 color

207 2705 312 2739 vivus
345 2717 413 2750 pro
438 2716 539 2741 mero
570 2706 767 2750 nativoque
799 2705 938 2742 dicitur.
988 2699 1213 2750 Μεσόψηρος
1245 2700 1422 2750 ἧμίξηρος
1443 2699 1532 2736 Hes.
1563 2699 1635 2735 hoc
1656 2709 1682 2749 a=

207 2763 257 2800 ξῶ
280 2762 405 2805 scabo,
429 2762 517 2797 illud
544 2774 567 2797 a
592 2764 653 2807 ψιῦ
676 2766 815 2807 tergeo.
1698 2768 1702 2769 ⁷
