1728 3120
52 55 115 78 ‘¹1

50 227 61 266 Ι
99 246 129 314 s
157 270 300 332 παρὰ
335 265 423 318 σθ
433 269 580 319 ἀνύειν
620 271 857 317 δύνασθαι.
913 273 1050 331 Atque
1080 271 1315 330 huJusmodi
1344 272 1517 317 verbum

108 334 139 395 ζ’
246 339 434 384 faciendi
462 339 770 397 significatione
794 341 1025 397 praeditum
1055 354 1138 384 non
1160 339 1296 384 solum
1325 340 1519 396 syntheto

193 408 248 465 ης
285 406 329 450 id
367 413 432 452 est
465 403 712 466 αυτουργός
749 408 892 452 subest
931 415 973 451 ut
1003 406 1147 451 Schol.
1183 406 1230 450 Il.
1258 405 1389 450 XVII.
1418 409 1517 452 217.

91 471 128 523 ⁴¹}
187 489 229 526 ις
251 473 379 532 παρὰ
407 473 458 518 τὸ
493 471 576 518 ἕνω
605 474 655 518 τὸ
688 474 876 533 φονεύω,
909 471 994 532 ἀφ’
1028 491 1080 518 ου
1109 473 1184 518 καὶ
1214 474 1264 518 τὸ
1299 471 1520 556 αὐθέντης

113 537 317 590 leseler.
358 541 414 585 ad
451 540 623 585 Eumen.
655 556 693 599 p.
710 542 780 585 49.
821 550 861 586 et
896 541 1022 585 simili
1061 541 1273 598 Συνέντης
1308 541 1518 599 συνεργός

46 635 48 638 -
105 662 119 667 ·
115 598 231 652 5.·εθι1
259 610 386 652 etiam
413 621 632 666 paragogo
664 607 855 653 ἔντεαε
865 605 1046 666 ὄργανα.
1105 605 1193 651 Nec
1223 608 1393 652 difficile
1425 623 1519 653 cre-

112 694 117 713 ι
164 675 218 720 ab
248 675 327 719 illa
354 675 515 720 infinita
544 675 851 733 significatione
877 676 1061 720 faciendi
1090 677 1309 719 transitum
1338 690 1434 720 esse
1463 677 1519 720 ad

95 739 100 741 ’
121 743 745 799 angustioreminterficiendi‚
778 757 901 800 quam
919 757 1002 787 non
1028 743 1161 786 solum
1183 745 1520 801 praepositiones

93 810 166 854 uis
196 809 351 866 agendi
374 811 609 867 impertiunt
640 808 806 863 ἐξανύω
837 809 886 854 τὸ
917 807 1094 868 φονεύω
1124 810 1222 853 Sch.
1255 809 1301 853 ll.
1328 809 1404 853 XI.
1420 811 1519 854 365.

91 911 93 939 3
124 873 273 925 άττω,
305 874 781 934 διεργάζομαιρθῐίιιιο,
812 877 887 921 sed
905 878 1030 920 etiam
1047 874 1266 933 simplex'
1239 876 1358 920 ανύω
1390 879 1519 920 inter-

99 942 114 994 f.
158 943 328 988 obtinet.
387 942 529 996 Quare
569 943 839 987 Grammatici
877 939 968 987 ὅῖνω
1009 950 1049 986 et
1086 941 1168 986 ἔνω
1206 943 1315 985 idem
1344 943 1518 986 verbum

98 1055 105 1063 ,
154 1015 336 1054 statuunt
369 1023 408 1054 v.
442 1008 542 1054 Sch.
571 1009 743 1054 Hesiod.
775 1009 846 1054 Sc.
876 1010 974 1054 311.
1012 1017 1052 1054 et
1082 1010 1135 1053 ab
1171 1009 1253 1053 hoo
1284 1007 1446 1066 ἐναίρω
1477 1017 1519 1053 et

82 1100 131 1131 ,ι
193 1083 383 1135 repetunt
410 1075 509 1121 Sch.
539 1076 644 1134 Lyc.
662 1078 758 1121 519.
790 1085 831 1121 et
867 1075 1086 1134 αὐθέντης
1122 1091 1198 1135 pro
1240 1073 1522 1134 αὖτοφόντης

96 1144 352 1196 ‘naumann
375 1147 443 1201 ¹⁹)
480 1143 702 1204 χειρῶναξ
739 1159 815 1202 pro
857 1142 1136 1202 χειρουργός,
1182 1150 1225 1187 ut
1265 1150 1304 1186 et
1342 1144 1519 1202 simplex

110 1225 464 1269 nonnunquam
507 1212 617 1256 idem
653 1212 767 1256 valet
803 1212 912 1268 quod
951 1209 1139 1268 ἐργάτης
1172 1219 1214 1255 et
1241 1210 1450 1269 τελεστής
1477 1225 1517 1256 v.

350 159 457 206 CAP.
488 160 534 204 V.
594 159 665 204 DE
694 159 894 204 VERBIS
925 159 1510 214 LIQUIDIS.121

43 789 49 808 I
110 799 111 802 ,

22 308 28 363 Ι

21 380 125 608 Ι

21 656 26 681 Ι

21 720 49 754 ιι

20 790 46 822 ι

20 850 46 893 Ι

20 922 44 951 Ι

20 990 47 1024 ι

20 1125 45 1147 Ι

170 1311 181 1323 .
202 1277 298 1322 125.
344 1277 433 1323 Sed
460 1277 591 1324 hoe'
571 1278 654 1324 ε’νω
687 1281 776 1324 sive
809 1277 891 1323 ἓνω
931 1292 1014 1322 ιιοιι
1047 1280 1181 1321 minus
1211 1278 1423 1322 insolitum
1454 1286 1518 1323 est

18 1326 43 1358 Ι
79 1338 136 1385 ²·:2
176 1345 283 1390 illud
305 1343 388 1391 ἔνω
420 1343 546 1398 ἓνόω,
575 1347 684 1391 unde
698 1346 973 1391 Buttmannus
1003 1343 1149 1397 ἔνοσις
1169 1351 1334 1389 enatum
1361 1354 1521 1398 censet,

18 1407 21 1420 ³
42 1408 44 1462 s
211 1415 336 1472 paria
362 1413 472 1469 γένω
498 1420 540 1458 et
568 1413 678 1459 κένω
703 1421 838 1472 aptum
862 1413 1120 1471 prosereudo
1142 1413 1328 1470 perfecto
1359 1414 1519 1458 κέκονα

18 1462 46 1541 '5'
74 1474 81 1486 η’
86 1479 358 1525 substantivo
390 1477 495 1539 κονή
526 1487 567 1524 et
603 1479 823 1539 κατακονή
857 1481 1040 1532 occisio,
1079 1476 1348 1538 ἆνόροκόνος
1383 1481 1520 1526 homi-

18 1523 48 1560 Ι
72 1555 82 1611 J
163 1561 243 1592 nec
269 1548 439 1592 aliunde
469 1549 650 1606 pendent
679 1551 925 1592 Κακκεῖναι
957 1544 1216 1603 κατακόψαι
1245 1546 1344 1590 Hes.
1375 1555 1416 1590 et
1442 1548 1520 1593 ho-

17 1591 25 1622 ¹
77 1615 223 1659 rieum
255 1614 410 1660 κένσα
434 1616 510 1659 in
537 1629 618 1672 quo
650 1617 821 1672 propria
848 1615 1051 1658 remansit
1076 1620 1263 1670 potestas
1293 1615 1519 1671 pungendi,

17 1661 70 1750 Ξ
69 1683 86 1721 ἱ
99 1695 124 1726 c
171 1681 227 1726 ad
270 1694 322 1726 ve
507 1683 762 1726 transmissa
802 1678 978 1733 κεστός,
1025 1677 1212 1738 ἧκεστή,
1256 1681 1424 1740 κέστωρ
1462 1687 1522 1735 (ut

105 1767 113 1787 ι
133 1762 180 1802 a,
220 1748 454 1804 bimestris)
495 1749 660 1806 κέντωρ
700 1750 763 1803 (ιιῐ
796 1748 914 1802 μένω
945 1747 1158 1803 Μέντωρ)
1193 1755 1235 1791 et
1264 1747 1429 1801 κοντός.
1451 1753 1520 1804 ²⁰)

110 1833 156 1861 ω
185 1829 270 1860 non
301 1814 439 1860 solum
468 1815 670 1860 Technici
699 1822 854 1873 ponunt
874 1815 1066 1870 Theogu.
1096 1828 1135 1872 p.
1153 1813 1248 1858 144.
1279 1815 1367 1868 (uhi
1392 1817 1518 1874 ψένω

65 1884 224 1946 ptum
255 1883 337 1937 est)
375 1882 531 1929 Herod.
561 1881 695 1960 Epim.
717 1883 786 1926 56.
820 1883 897 1927 sed
933 1884 1059 1926 etiam
1094 1881 1329 1938 Hesychius
1366 1885 1409 1927 in
1439 1899 1520 1929 usu

87 1963 161 1996 -ne
189 1957 388 2004 testatum
416 1951 573 1995 nostris
602 1952 646 1994 in
670 1950 792 1994 libris
821 1964 918 1993 num
942 1949 1161 1993 serendum
1192 1951 1258 2002 sit,
1293 1951 1521 2009 disceptari

26 2037 29 2043 ·
70 2017 150 2064 et.
206 2017 271 2062 De
302 2017 422 2077 φένω
457 2017 577 2062 nulla
615 2025 682 2062 est
710 2020 1000 2062 controversia
1032 2020 1130 2076 quin
1155 2020 1243 2075 Jam
1273 2018 1342 2062 diu
1376 2020 1522 2064 exole—

122 2189 184 2235 19)
214 2188 443 2236 Phrynichus
454 2188 535 2225 Ecl.
551 2187 629 2225 120.
660 2188 839 2235 αὐθέντης
864 2191 1049 2237 μηδέποτε
1066 2187 1188 2239 χρήσῃ
1213 2190 1276 2226 ἐπὶ
1300 2192 1364 2227 τοῦ
1383 2190 1522 2228 δεσπό-

118 2245 202 2282 ἀλλ’
234 2246 297 2282 ἐπὶ
320 2247 386 2282 τοῦ
405 2247 562 2293 φονέως.
597 2245 818 2282 Theodorus
836 2246 938 2281 Gaza
962 2247 1007 2282 de
1022 2247 1146 2282 Mens.
1160 2259 1196 2293 p.
1211 2247 1290 2283 302.
1309 2249 1366 2283 ed.
1385 2248 1519 2286 Petav.

89 2314 195 2338 ecos
222 2302 326 2347 dicit,
353 2303 436 2348 quia
459 2303 595 2337 nullam
620 2314 752 2338 vocem
775 2303 973 2348 haberent,
1004 2315 1097 2349 quae
1122 2305 1270 2340 latinum
1296 2310 1436 2342 auctor
1461 2319 1524 2342 ex-

96 2365 216 2404 ·=‚eret
238 2370 373 2395 nomen
398 2357 579 2404 αὐθέντης
602 2370 670 2404 pro
697 2357 823 2407 κύριος
845 2361 1014 2406 posuisse
1035 2367 1072 2396 et
1088 2362 1184 2397 hunc
1209 2373 1312 2397 usum
1332 2362 1410 2408 jam
1436 2371 1523 2400 ante

105 2427 127 2452 e
151 2427 270 2452 annos
295 2416 477 2463 coepisse.
526 2416 587 2451 De
610 2415 799 2462 Euripide,
828 2416 886 2461 qui
915 2417 1031 2464 δῆμος
1054 2417 1235 2463 αὐθέντης
1254 2417 1396 2465 χθονός
1418 2421 1522 2465 dixit,

16 2478 27 2504 ι’
71 2483 170 2510 raes
194 2473 243 2508 ad
267 2471 382 2509 Isocr.
408 2485 444 2520 p.
469 2473 548 2509 330.
574 2484 628 2519 sq.
670 2472 809 2509 dubitat
844 2478 961 2509 utrum
991 2472 1120 2523 κύριον
1150 2476 1231 2511 sive
1265 2474 1448 2522 δεσπότην
1471 2478 1523 2513 in-

79 2537 131 2573 ιιι;ι
166 2529 326 2567 voluerit
348 2541 396 2566 an
419 2528 636 2579 αὐτουργόν.

80 2595 182 2643 20)
218 2598 251 2633 Α
281 2599 376 2635 κένω
411 2600 627 2644 βουκέντης,
657 2598 811 2647 κέντρον
843 2602 881 2632 et
915 2599 1069 2647 κέστρον
1103 2604 1282 2642 cestrum,
1319 2601 1474 2646 κέστρα,
1500 2613 1525 2636 a

20 2655 77 2700 ἕ]
73 2661 142 2692 ναι
165 2651 313 2701 ξᾶντης,
338 2657 463 2703 φαίνω
489 2652 729 2704 ἱεροφάντης,
767 2654 835 2690 sed
861 2667 883 2689 a
903 2659 1042 2701 μιαίνω
1072 2656 1318 2703 (μεμίασμαι)
1340 2654 1520 2707 μιάστωρ,

36 2712 224 2787 ρμαίνω
249 2710 467 2761 θερμᾶστρα
495 2710 516 2757 ἡ
543 2709 707 2758 κάμινος.
759 2711 847 2747 cum
863 2711 1045 2748 bimestris
1071 2718 1107 2747 et
1131 2719 1337 2748 menstruus
1365 2714 1523 2750 conferri

68 2774 187 2806 unt
209 2773 414 2806 monstrum
437 2774 473 2806 et
496 2770 714 2806 mostellum.
763 2768 890 2805 Pistor
914 2780 1008 2806 v·e10
1032 2782 1055 2806 a
1080 2769 1200 2817 prisco
1223 2772 1325 2818 piso.

16 1737 92 1907 ξ

16 1915 86 2036 :³322-

15 2057 90 2306 ι,

15 2320 74 2386 ι,

14 2396 87 2678 ι
