1728 3120
229 197 327 245 326
647 190 1113 236 DISSERTATIO
1160 189 1279 236 XIX.

214 307 279 351 δὲ
306 302 508 354 παιδίοις
537 300 596 355 ὡς
623 307 804 360 μωροῖς,
834 318 940 363 quae
968 306 1028 349 ita
1057 305 1303 363 accipienda
1331 308 1502 351 suntne
1528 309 1565 351 si
1596 307 1703 352 scri-⁴

227 380 337 430 ptum
366 376 479 413 esset
507 368 558 414 τὸ
586 366 774 422 Ἀκκοῦς
807 367 948 427 ὄνομα
979 371 1229 428 ἐπιλέγεται
1265 373 1359 423 τοῖς
1387 367 1588 425 παιδίοις
1623 373 1701 418 ὅτε

227 437 492 496 μοραίνουσι
518 436 588 481 vel
619 434 678 488 ὡς
706 438 766 496 μὴ
791 435 1061 496 μωραίνωσι.
1117 438 1207 483 Hoc
1223 445 1359 482 autem
1379 438 1478 496 quid
1494 439 1702 498 ‘'ignificet

230 511 401 563 apparet
431 518 483 548 ex
512 504 609 548 aliis
636 505 744 549 locis
774 502 1032 561 Σινάμωρος
1060 503 1350 559 κακόσχολος,
1382 502 1703 563 Ὀρχιήεδίζειν

230 572 280 616 τὸ
317 569 724 626 κακοσχολεύεσθαι
753 570 879 629 παρὰ
913 575 1006 623 τοῖς
1035 572 1168 616 παισί
1201 578 1323 629 atque
1353 585 1405 615 ex
1431 570 1576 617 schol.
1603 572 1702 626 Eur.

229 639 427 682 Androm.
445 638 542 682 665.
572 637 858 694 μωραίνουσα
886 637 1109 682 τουτέστιν
1138 634 1516 683 ἆκολασταίνουσα
1545 645 1586 683 et
1604 639 1703 684 Seli.

153 720 155 722 ’
229 705 362 749 Nubb.
391 705 490 749 416.
526 703 764 762 μωραίνειν
794 704 842 748 τὸ
889 701 1237 762 ἀφροδισιάζειν.
1295 703 1438 762 Itaque
1476 704 1634 750 clarum
1661 706 1706 750 fit

232 773 286 816 ad
316 772 611 817 conterrendos
653 785 803 829 pueros
842 773 1085 829 praesertim
1123 769 1427 828 μωραίνοντας
1463 771 1506 816 id
1537 779 1602 817 est
1629 786 1706 831 pu·-

232 840 369 883 denda
409 846 711 884 contrectantes
749 838 868 882 fictas
904 852 999 882 esse
1042 838 1142 882 illas
1183 838 1373 882 aniculas
1412 838 1552 883 fatuas
1593 839 1704 884 facie

229 906 357 950 foeda
377 906 620 963 similesque
650 906 862 950 larvarum
890 912 933 949 ut
952 913 1044 949 sunt
1060 905 1286 963 pleraeque
1315 905 1572 964 decrepitam
1602 920 1706 964 qua--

230 987 318 1017 rum
355 973 475 1016 alteri
506 973 700 1028 adjuncta
728 979 820 1016 sunt
850 972 1056 1029 adjectiva
1087 968 1224 1022 ἀκκός
1251 978 1293 1015 et
1319 985 1487 1016 maccus
1514 973 1707 1018 verbumu

232 1053 311 1097 que
341 1053 368 1083 a
396 1038 531 1083 Suida
566 1039 646 1083 huc
680 1039 856 1083 relatum
885 1042 1087 1098 Μακκοᾷ
1123 1034 1374 1095 ἄνοηταίνει
1402 1037 1474 1084 ὅτι
1508 1036 1704 1097 ἥῖΑκκο)

233 1106 332 1151 ἒνέα
365 1101 440 1164 ἦν,
480 1106 671 1163 idemque
711 1106 797 1150 alio
833 1106 928 1149 loco
964 1103 1140 1148 ῙΙἸακκώ
1181 1105 1255 1148 καὶ
1291 1103 1463 1160 Λαιμιῦ
1506 1110 1708 1162 γυναῖκες

234 1170 365 1216 ἓνεαί.
422 1172 539 1216 Haec
557 1170 729 1227 Λαιμώ
758 1173 847 1216 sive
866 1170 1018 1226 Λαμώ
1049 1171 1194 1229 procul
1221 1171 1346 1215 dubio
1376 1178 1439 1216 est
1466 1171 1618 1218 Lamia
1642 1176 1707 1217 in*

233 1240 416 1283 fantaria
445 1239 497 1282 ab
533 1238 716 1294 ingluvie
747 1239 933 1295 (λαιμῷ)
971 1245 1011 1281 et
1040 1239 1269 1282 voracitate
1300 1240 1362 1282 sic
1393 1245 1436 1282 ut
1472 1238 1706 1284 Manducus

233 1320 384 1350 nomen
421 1306 572 1362 adepta
609 1305 840 1360 similisque
871 1304 1059 1348 Mormus
1099 1311 1139 1348 et
1166 1304 1326 1348 Gellus.
1357 1304 1499 1350 Schol.
1530 1305 1706 1363 Gregor.

235 1372 306 1416 Or.
334 1371 515 1416 XXXV.
538 1372 634 1414 563.
667 1371 712 1414 C.
748 1371 983 1423 (Ruhnken.
1016 1371 1069 1414 ad
1099 1370 1207 1414 Tim.
1238 1371 1354 1426 182.)
1389 1371 1708 1428 μορμολύττειν

235 1437 406 1496 εἴρηται
436 1435 527 1482 ἀπὸ
555 1441 634 1495 τῆς
647 1440 870 1494 ΠἸορμοῦς
898 1440 976 1495 τῆς
999 1436 1072 1480 καὶ
1085 1436 1284 1492 Λαμίας.
1342 1437 1500 1496 Quippe
1523 1443 1710 1497 σὲῑΜορ-4

233 1504 366 1560 μόνες
393 1511 525 1555 crant,
552 1512 594 1547 ut
624 1503 856 1559 Hesychius
887 1506 956 1555 ait,
990 1502 1195 1559 δαίμονες
1224 1502 1442 1562 πλάνητες
1470 1512 1511 1549 et
1538 1507 1710 1551 Lamiae

236 1573 456 1616 terriculae
495 1584 600 1628 quas
638 1570 827 1614 Lucilius
867 1571 1071 1628 appellat,
1114 1584 1192 1615 nec
1229 1572 1363 1614 minus
1401 1570 1547 1624 Genu,
1592 1575 1709 1630 quus

234 1639 379 1683 larvae
418 1638 634 1682 duodecim
672 1645 764 1682 sunt
797 1640 967 1681 nomina
1003 1640 1046 1680 in
1085 1637 1226 1695 lepida
1261 1636 1422 1682 Leonis
1457 1639 1605 1684 Allatii
1643 1641 1710 1684 fa-

235 1706 351 1749 bella
373 1707 440 1758 ¹2)
468 1707 592 1763 inque
622 1704 687 1748 his
706 1703 899 1763 Μωρῥά,
931 1705 1040 1762 quod
1067 1704 1136 1748 vel
1161 1704 1328 1762 plebeJa
1355 1704 1586 1762 prolatione
1616 1721 1710 1751 cor-

234 1780 393 1829 ruptum
417 1778 480 1815 est
504 1785 556 1815 ex
570 1769 750 1828 Μορμώ
778 1771 845 1815 vel
862 1768 1017 1829 μωράν
1042 1771 1199 1815 fatuam
1228 1771 1435 1828 sig-nificat
1461 1779 1505 1816 ut
1524 1769 1710 1823 Μακκώ,

236 1852 343 1896 quae
371 1838 437 1883 Du
472 1837 623 1894 Gangii
655 1845 717 1882 est
746 1839 950 1882 sententia
979 1841 1023 1880 in
1053 1837 1193 1882 Gloss.
1219 1852 1253 1882 s.
1277 1838 1317 1881 h.
1347 1852 1385 1882 v.
1445 1837 1608 1895 Βανβώ
1634 1840 1712 1884 fuit

234 1906 465 1949 nutriculae
494 1919 645 1949 nomen
677 1919 767 1949 cum
796 1905 935 1949 verbis
955 1906 1125 1963 βαυβᾷν
1154 1912 1192 1949 et
1221 1906 1448 1964 βαυκαλᾷν
1477 1914 1708 1962 cognatum,

165 2027 168 2029 μ
236 1985 413 2029 namque
443 1985 634 2016 assarum
663 1972 779 2014 lallis
813 1972 972 2015 deliniti
1002 1972 1181 2014 infantes
1214 1973 1509 2029 consopiantur
1535 1981 1574 2016 et
1600 1977 1709 2028 βαυ-

236 2040 372 2093 βιῦσι,
413 2052 463 2082 ac
495 2040 640 2081 nescio
672 2052 725 2081 an
754 2045 965 2094 utrumque
996 2051 1047 2080 ex
1075 2051 1177 2082 voce
1207 2037 1438 2081 lallantium
1469 2052 1709 2096 expressum

238 2107 292 2148 sit
321 2107 383 2148 sic
415 2112 459 2148 ut
496 2107 628 2162 ipsum
658 2118 808 2148 nomen
844 2105 1082 2155 infantium,
1125 2104 1175 2147 de
1205 2117 1286 2160 quo
1315 2103 1564 2148 Damascius
1593 2105 1709 2150 Phot.

239 2169 442 2214 CCXLII.
471 2171 567 2214 555.
607 2171 745 2226 βάβια
776 2168 818 2214 οἱ
849 2169 986 2229 Σύροι
1017 2171 1202 2214 καλοῦσι
1229 2169 1286 2219 τιὰ
1314 2169 1477 2214 παιδία
1509 2167 1600 2215 ἀπὸ
1633 2175 1712 2231 τῆς

237 2237 412 2290 Βαβιάς
439 2240 554 2281 θεοῦ
585 2240 674 2281 sive
706 2238 841 2294 potius
875 2244 1087 2294 utrumque
1123 2249 1150 2280 a
1177 2235 1446 2281 balbutiendo
1474 2244 1516 2281 ut
1543 2238 1711 2284 franco-

238 2304 435 2360 gallicum
466 2306 589 2354 babil,
624 2306 805 2348 babiller.
829 2305 894 2357 ¹³)
938 2302 1096 2347 Nomen
1118 2302 1276 2356 Gellus,
1305 2304 1415 2360 quod
1441 2304 1583 2361 paullo
1614 2313 1709 2350 ante

333 2435 390 2485 12)
420 2440 569 2477 Illorum
592 2441 774 2476 nominum
797 2441 969 2487 pleraque
994 2439 1136 2475 facilem
1157 2439 1293 2475 habent
1315 2439 1550 2486 intellectum,
1574 2442 1710 2478 παιδο-

239 2501 422 2546 πνίκτρια,
446 2497 792 2547 ψυχανασπάσιρια,
819 2499 970 2545 στρίγλα,
994 2495 1136 2542 (striga)
1160 2501 1198 2531 et
1220 2500 1377 2533 πετασία
1393 2507 1539 2542 quoque
1557 2497 1640 2543 quid
1663 2500 1712 2534 sit

240 2555 360 2602 colligi
385 2560 507 2601 potest
531 2566 576 2590 ex
592 2554 691 2589 Festi
711 2554 851 2590 verbis:
875 2556 1016 2600 striqes
1038 2551 1255 2597 maleficae,
1280 2553 1463 2588 mulieres
1482 2565 1582 2600 quas
1599 2555 1712 2592 vola-⁴

240 2614 343 2647 ticas
367 2614 490 2647 etiam
513 2615 665 2648 vocant.
802 2655 805 2657 Ι

334 2667 390 2711 13)
422 2665 597 2712 Βὰβαλον
631 2667 775 2703 αἰδοῖον
798 2665 884 2702 Hes.
921 2666 1077 2702 sortasse
1106 2666 1173 2701 suit
1205 2663 1439 2715 ὑποκόρισμα
1469 2667 1630 2703 παιδίων
1663 2668 1713 2703 ab

239 2724 436 2760 infantibus
468 2725 679 2759 translatum
712 2723 760 2758 ad
791 2727 932 2770 partem
968 2723 1065 2759 illam
1097 2727 1136 2757 ut
1168 2728 1295 2758 contra
1319 2720 1450 2759 σάθων
1477 2721 1712 2771 ὑποκόρισμα

238 2782 398 2817 παιδίων
422 2781 587 2829 ἀρῥένων
622 2779 696 2816 ἀπὸ
720 2781 793 2816 τῶν
819 2780 992 2823 αἰδοίων,
1029 2785 1064 2815 et
1090 2779 1270 2825 Augustus
1294 2780 1481 2818 Horatium
1503 2780 1598 2816 inter
1620 2780 1711 2817 alios
