1708 3126
249 166 353 211 CAP.
385 164 454 209 111.
512 164 584 209 DE
615 164 815 209 VERBIS
845 163 1293 209 GUTTURALIBUS.
1457 166 1516 213 61

63 275 260 337 Ἳίσκω,
288 277 456 336 βόσκω.
514 277 737 324 Nonnullis
766 293 868 323 vero
897 280 1038 337 kappa
1068 280 1252 323 nativum
1279 284 1362 329 est,
1393 291 1421 321 a
1450 277 1522 321 δέ-

85 378 101 400 ,ς
133 363 172 392 ι
201 345 496 402 δειδίσκομαι,
526 347 637 404 quod
655 346 860 390 Homerus
888 361 963 405 pro
994 347 1272 400 δεξιοῦσθαι,
1299 346 1522 390 inferiores

75 411 83 418 '⁷
137 411 357 459 δεικνύναι
387 420 607 472 usurpant,
639 428 667 457 a
695 418 841 458 τυκεῖν
879 412 1084 469 (τεύχειν,
1121 417 1281 468 τυχεῖν)
1320 410 1523 458 τιτύσκο-

81 508 85 518 ι
119 513 129 531 ,
153 482 221 536 ¹⁵⁵)
259 481 417 539 quibus
441 481 578 525 simile
608 481 773 525 videtur
802 483 952 525 λακεῖν
983 480 1164 526 λάσκειν
1192 483 1281 526 sive
1313 479 1523 536 βλάσκειν

69 546 259 606 λέγειν
287 548 386 592 Hes.
411 550 478 602 ¹⁹)
517 550 602 593 nisi
635 549 740 592 libet
778 556 952 606 utroque
988 563 1144 607 ponere
1185 550 1394 606 antiquius
1425 543 1522 598 λάε,

71 616 146 709 11
179 616 290 661 idem
328 617 622 674 interpretatur
660 615 889 674 ἕψόφησε,
930 617 1188 675 ἐφθέγγετο.
1255 615 1364 660 Sunt
1396 616 1523 658 etiam

46 704 50 723 ι
128 683 390 728 dentalem
428 686 547 742 stirpi
586 686 754 728 insitam
793 687 836 728 in
878 688 1015 741 sigma
1051 687 1251 728 verterint
1289 681 1517 727 κλώθω-

110 749 244 804 ’κω,
282 749 471 807 βάζω-
480 749 635 806 βάσκω
665 754 715 796 τὸ
741 752 875 807 λέγω,
906 751 1219 807 ἑπιβιβάζω-
1229 748 1523 807 ε’πιβιβάσκω,

67 816 341 874 δω-ίσκω,
369 820 486 875 quus
517 820 654 875 sigma
682 819 947 863 Herodianus
981 819 1034 862 ad
1063 819 1110 861 Il.
1138 818 1250 861 XVI.
1274 819 1344 862 41.
1376 832 1429 862 ex
1457 818 1523 861 fu-

49 904 65 919 1
100 898 127 930 0
163 882 269 930 εἷ’σω
307 883 524 934 influxisse
563 893 729 938 censet3
768 899 851 942 qua
887 888 959 931 via
987 885 1112 930 hodie
1148 900 1233 930 non
1260 887 1412 930 utimur
1445 885 1523 928 sed

94 972 123 992 ,ιι
164 953 261 996 trita
294 951 392 996 suit.
428 949 584 1007 βάσκω
615 951 744 1010 παρὰ
781 952 831 996 τὸ
862 956 933 1007 βω
971 950 1171 1012 βήσομαι
1198 952 1295 996 ΕΜ.
1329 953 1424 1004 190,
1453 952 1522 996 40.

74 1015 255 1072 ’σκομαι
274 1019 344 1073 ²⁰)
384 1015 477 1064 ἀπὸ
508 1022 590 1063 τοῦ
626 1019 747 1080 ῥύσω
776 1021 1016 1074 μέλλοντος
1055 1016 1117 1072 ὡς
1153 1018 1310 1078 θνήσω
1339 1019 1522 1077 θνήσκω

120 1087 306 1144 ονασμῷ
343 1084 480 1152 Eustss
497 1087 627 1140 1373,
663 1088 733 1131 35.
790 1086 905 1132 De’
848 1086 1009 1154 -ίσκε,
1049 1089 1085 1131 si
1124 1101 1199 1145 pro
1239 1085 1361 1144 ε’λεγε
1396 1088 1523 1140 valet

75 1156 246 1207 „itatur
276 1162 410 1200 utrum
447 1174 473 1199 κ
502 1159 713 1216 acceperit
739 1172 814 1216 pro
853 1176 887 1203 π
918 1156 1026 1203 ι’σπε
1065 1155 1255 1213 (ἔνισπε)
1287 1171 1342 1202 an
1369 1157 1525 1202 Graeci

51 327 61 370 i·

48 530 83 565 L,

43 797 71 855 Β

15 859 60 902 1

15 925 59 970 1

14 992 67 1041 1-

43 1080 56 1101 b

13 1072 79 1174 Β

13 1195 54 1239 11

12 1262 82 1363 ξ’.1
74 1291 228 1335 «tiones
257 1304 342 1335 una
369 1296 652 1349 percusserint
682 1294 829 1346 forma,
859 1296 967 1338 sicut
997 1296 1169 1349 opinari
1198 1296 1246 1337 de
1274 1295 1418 1350 aliquo
1448 1308 1524 1351 pro

12 1366 14 1390 ¹
44 1376 123 1420 ¹³·
180 1356 353 1403 Sueton.
385 1357 731 1404 Octav.LXV11.
773 1361 982 1420 hodieque
1023 1369 1065 1405 ut
1095 1361 1256 1405 Coraes
1299 1364 1358 1405 ait
1385 1362 1523 1407 Atact

77 1423 170 1470 ..11
200 1425 296 1470 116.
328 1426 441 1484 λέγω
471 1434 513 1471 et
542 1426 659 1473 είπω
687 1443 763 1487 pro
793 1437 896 1485 puto
928 1430 1090 1482 dicitur,
1126 1443 1178 1474 ac
1198 1431 1287 1486 jam
1309 1428 1524 1474 Lucianus

63 1490 240 1538 Lucio
271 1494 309 1550 ξ.
339 1494 410 1538 23.
449 1501 491 1538 et
517 1494 586 1539 56.
625 1497 732 1542 haec
764 1497 896 1542 verba
925 1499 979 1542 ad
1016 1500 1169 1541 tacitas
1200 1499 1311 1541 asini
1343 1499 1408 1541 sui
1438 1512 1525 1542 me—

104 1562 259 1605 tiones
285 1561 486 1606 transfert
516 1558 644 1615 ὅτ’ξιον
673 1562 876 1609 θανάτου
906 1563 1064 1617 εἰπών,
1096 1568 1345 1621 φανεῖσθαι
1375 1566 1524 1621 λέγων,

10 1544 81 1660 Pl?
39 1628 142 1696 ’70111
169 1626 421 1673 Theocritus
451 1629 483 1673 1.
511 1630 580 1673 50.
619 1631 670 1674 de
699 1631 924 1688 vulpecula
953 1632 1130 1688 loquens
1172 1630 1222 1675 τὸ
1254 1631 1440 1676 παιδίον
1469 1630 1523 1677 οὗ

39 1671 141 1752 ρὶν
171 1689 350 1754 ἀνήσειν
379 1695 504 1755 φατέ,
534 1711 668 1754 neque
696 1697 778 1742 1100
807 1701 941 1742 solum
977 1699 1052 1742 sed
1081 1699 1208 1755 vulgo
1242 1713 1404 1756 quoque
1436 1698 1527 1759 φά-

91 1777 157 1807 ειν
199 1776 283 1820 pro.
314 1760 499 1808 οἴεσθαι
534 1771 777 1822 usurpatur,
824 1766 1002 1823 denique
1039 1765 1212 1810 Nonnus
1252 1765 1386 1810 XLII.
1424 1767 1522 1810 315.

26 1825 155 1897 ’ῥίλῳ
186 1827 318 1874 δόλον
347 1827 483 1874 ἄλλον
512 1830 743 1890 ἐπέφραδε
768 1832 870 1876 dixit
897 1847 972 1890 pro
1001 1831 1306 1891 ἑπιφράσατο,
1332 1835 1527 1879 verbum-

74 1909 114 1940 0
144 1905 320 1942 autumo
350 1897 574 1955 ambiguae
616 1912 712 1942 esse
753 1902 970 1956 potestatis
1003 1899 1165 1944 Gellius
1211 1901 1333 1945 docet
1361 1901 1511 1946 XV.

23 1958 51 2029 ’1
91 1976 119 2008 0
155 1965 202 2008 in
236 1977 284 2008 re
319 1967 466 2010 nescio
506 1979 561 2010 an
599 1968 724 2010 etiam
762 1967 984 2011 verborum
1015 1968 1127 2025 λέγω
1166 1975 1207 2012 et
1237 1965 1380 2025 ἀλέγω
1416 1937 1525 2015 ratio

40 2030 230 2085 benda
253 2034 319 2085 sit,
349 2018 522 2091 quorum
552 2034 727 2078 alterum
756 2033 888 2091 λόγον
917 2035 1178 2080 ἐνδιάθετον
1209 2037 1430 2092 significat,
1463 2038 1526 2081 al-

49 2112 166 2146 rum
194 2099 503 2158 προφορικόν;
548 2102 777 2159 eodemque
807 2100 914 2160 είρω
953 2109 994 2146 et
1024 2116 1123 2146 reor
1150 2117 1234 2147 non
1264 2106 1525 2150 incommode

16 2199 30 2207 2
48 2187 56 2226 3
73 2166 258 2212 0110111110.
315 2167 468 2212 Εο1·11111
497 2182 605 2227 quae
635 2168 871 2226 Hesychius
900 2172 1063 2228 promit,
1097 2185 1222 2215 unum
1239 2169 1414 2216 Μίσκει
1444 2168 1525 2231 α’ρ-

130 2357 190 2403 18)
218 2355 344 2394 Λύσιν
376 2356 556 2406 καμάτοιο
590 2358 767 2397 τιτύσκων
790 2361 944 2398 Maxim.
972 2373 1009 2398 v.
1033 2362 1114 2399 278.
1148 2363 1251 2413 ἔργα·
1271 2364 1527 2413 τιτυσκόμεναι

79 2425 114 2460 q
143 2412 338 2462 τεύχουσαι
362 2415 485 2455 Quint.
516 2414 579 2451 Vl.
608 2416 683 2453 155.

47 2483 50 2486 ’
85 2523 89 2526 ,
129 2482 186 2528 19)
219 2482 386 2519 Eustath.
414 2482 515 2527 1208,
543 2483 664 2520 40.τό
688 2487 816 2520 λακεῖν
849 2483 1025 2523 οὐδέποτε
1050 2488 1112 2524 ἐπὶ
1136 2487 1376 2539 ἀνθρωπίνης
1400 2505 1527 2541 κυριο-

117 2544 209 2576 εἷται
235 2542 375 2588 φωνῆς,
400 2543 434 2577 εἰ
453 2539 507 2587 μὴ
533 2539 634 2589 παρὰ
661 2555 736 2582 τοις
760 2547 958 2591 τραγικοῖς.
1528 2549 1532 2556 '

13 2599 18 2607 ’
47 2605 61 2636 ³
124 2607 188 2654 20)
214 2608 296 2644 Hoc
322 2609 404 2644 solo
426 2609 550 2644 nititur
571 2610 787 2657 imperfecto
813 2608 961 2659 ῥύσκευ,
987 2613 1085 2657 quod
1107 2613 1339 2650 Thierschius
1365 2615 1524 2654 Gramm.

89 2663 170 2702 210.
206 2676 242 2711 p.
265 2664 344 2700 341.
375 2665 490 2701 minus
527 2673 612 2713 apte
645 2679 725 2702 cum
759 2679 944 2715 paragogo
980 2667 1203 2709 ζωννύσκετο
1239 2673 1433 2719 componit.
1484 2675 1525 2710 Si

46 2772 52 2773 ⁷
153 2733 176 2757 a
199 2719 336 2771 ῥύομαι
364 2722 582 2759 declinatum
613 2730 691 2767 est,
728 2737 835 2760 unum
859 2725 929 2760 sibi
951 2726 1068 2762 simile
1099 2727 1210 2763 habet
1240 2726 1426 2775 μνάσκετο
1450 2729 1523 2768 od.

13 2821 19 2834 „x
71 2777 118 2816 X.
143 2778 223 2816 294.
248 2779 316 2815 sed
337 2779 433 2816 idem
457 2792 526 2826 pro
552 2782 638 2830 ῥῦτο
663 2782 805 2830 (ἔρυτο)
831 2782 944 2829 accipi
972 2788 1096 2830 potest
1118 2788 1157 2820 ut
1184 2783 1308 2824 δύσκε.

74 1223 235 1267 nandi
271 1230 313 1266 et
346 1223 512 1268 dicendi
550 1224 631 1269 1100
661 1232 725 1270 est
758 1226 971 1283 cogitandi
1012 1233 1051 1269 et
1080 1227 1266 1282 cogitata
1299 1226 1525 1283 eloquendi
1597 1249 1600 1254 ·
