1728 3120
217 168 313 215 120
668 162 1139 207 DISSERTATIO
1183 164 1232 206 V.

325 278 360 332 ἓ.
382 278 421 319 3.
469 274 674 318 Arcadius
699 289 736 332 p.
761 275 856 317 159.
880 274 1141 318 circumflecti
1166 276 1264 319 dicit
1295 273 1508 331 disyllaba
1538 273 1658 330 ἔχοντ
1680 326 1681 329 ¹

214 343 290 401 τὴν
324 341 413 398 πρὸ
453 340 606 392 τέλους
646 338 710 392 εἷς
742 339 941 398 δίχρονον
979 341 1321 396 συνεσταλμένον
1359 337 1682 398 καταλήγουσά’

213 428 239 465 l]
271 404 511 464 συμφώνου
540 403 569 463 ἢ
590 407 838 462 συμφώνων
859 405 920 465 μὴ
952 404 1242 462 ἂνῖισῖοίχων,
1271 405 1405 465 χωρὶς
1433 404 1474 451 Εἰ
1496 406 1558 464 μὴ
1591 422 1665 451 καί

216 475 451 519 επένθεσιν
467 471 534 531 είη
563 478 641 518 τοῦ
670 494 694 519 ν
723 472 931 530 γενόμενα
962 478 1074 520 κυνῶ
1104 476 1348 533 προςκυνιῦ,
1376 475 1544 525 πλανῶ,
1571 477 1675 519 σινιῑΙ

220 542 282 585 Τὸ
321 540 369 584 δὲ
398 539 500 584 τίνω
529 537 628 583 κατ’
663 541 920 586 ἐπένθεσιν·
958 540 1008 585 τὸ
1042 541 1091 586 δὲ
1119 541 1268 619 φθίνω
1306 536 1381 584 καὶ
1406 537 1569 598 φθάνω
1598 536 1687 584 ἀπ’

216 605 519 660 ἆντιστοίχων·
551 606 600 650 τὸ
633 603 731 651 δὲ3
712 603 802 650 α’νω
834 602 926 650 ἀπὸ
957 622 1206 663 φωνηεντος
1236 603 1430 664 ἄρχεται,
1459 606 1531 649 ubi
1560 606 1694 650 mani-2

215 675 364 717 festum
398 679 461 716 est
485 679 578 729 post
609 672 940 729 καταλήγουσαν
969 673 1229 716 scribendum
1259 686 1355 716 esse
1383 670 1444 730 μὴ
1475 668 1567 716 ἀπὸ
1598 676 1694 730 φωῐ

215 738 392 797 νήεντος
428 736 456 795 ἢ
499 737 748 795 συμφώνων
785 735 1067 793 ἇντιστοίχων
1107 736 1340 797 ἀρχόμενα.
1404 737 1495 782 Hoc
1533 746 1701 795 canone}

217 807 434 848 damnatur
462 804 618 848 Στάνει
645 804 861 849 στείνεται
890 806 1187 860 συμβέβυσται
1215 804 1313 848 Hes.
1345 805 1389 848 id
1417 805 1526 848 enim
1553 806 1591 848 si
1619 818 1696 847 un·-

217 885 340 929 quam
380 878 618 928 usurpatum
657 878 741 922 est,
779 877 889 914 certe
932 871 1056 928 alpha
1091 872 1218 915 breve
1254 871 1417 919 habuit.
1455 878 1497 914 et
1533 868 1705 914 Δάνειν

219 940 468 992 κοιμᾶσθαι
492 937 600 993 quod
615 937 873 981 Phavorinus
893 951 944 980 ex
963 938 1163 981 mendoso
1191 938 1300 982 libro
1321 938 1467 981 sumsit
1485 946 1558 995 pro
1589 933 1709 999 ὁαύοχ

219 1021 294 1048 ειν.
352 1001 542 1046 Κτάνειν
572 1003 752 1047 κτείνειν
781 1002 879 1046 Hes.
913 1011 952 1047 et
981 1004 1096 1047 Aret.
1123 1003 1241 1060 Sign.
1275 1003 1386 1048 Diut.
1413 1002 1464 1046 II.
1495 1003 1562 1055 ll,
1597 1001 1694 1047 165.

217 1072 359 1114 vitium
394 1071 438 1112 in
469 1076 642 1113 accentu
674 1071 888 1113 contraxit.
946 1069 1088 1127 Itaque
1120 1071 1199 1115 duo
1229 1071 1534 1128 relinquuntur,
1563 1070 1696 1127 poeti·

218 1150 309 1180 cum
340 1132 431 1180 ἷίνω
470 1142 510 1179 et
542 1133 727 1193 φθάνω,
766 1136 914 1192 quihus
941 1137 1149 1180 Arcadius
1185 1138 1348 1195 quidem
1388 1136 1515 1194 alpha
1554 1136 1694 1181 tribuit

218 1203 344 1246 breve
378 1209 545 1259 propter
571 1201 822 1246 homericum
854 1199 1018 1253 ἄνοιτο,
1050 1204 1158 1260 quod
1186 1204 1373 1248 nonnulli
1404 1199 1536 1248 δι’νυτο
1568 1199 1717 1247 scribi*

211 1269 356 1325 Jubent
385 1283 423 1312 v.
457 1269 511 1312 ad
540 1267 687 1311 Buttm.
706 1269 800 1312 115.
831 1268 1011 1313 Ellendt.
1043 1269 1146 1314 Lex.
1178 1270 1305 1328 Soph.
1338 1270 1389 1314 T.
1405 1269 1436 1314 I.
1459 1270 1554 1314 177.
1584 1269 1718 1328 ΜειῑεΔ

218 1336 329 1379 thiae
358 1334 461 1378 Lex.
494 1334 633 1392 Eurip.
661 1334 692 1377 Ι.
717 1337 812 1379 273.
848 1350 929 1379 nec
966 1344 1103 1380 tamen
1132 1337 1350 1388 dubitavit,
1391 1337 1558 1393 opinor,
1598 1337 1696 1394 quin

217 1402 388 1459 produci
418 1405 569 1458 possit,
606 1403 648 1445 id
676 1403 784 1458 quod
827 1403 1056 1447 demontrat
1085 1401 1214 1461 Epim.
1248 1403 1384 1447 Gram.
1402 1403 1434 1446 Ι.
1462 1403 1529 1446 16.
1558 1416 1694 1459 neque

218 1475 344 1524 negat
371 1467 617 1511 Heraclides
649 1468 761 1512 Eust.
792 1468 916 1520 1434,
944 1469 1013 1512 20.
1047 1470 1120 1512 sed
1149 1476 1323 1513 naturae
1353 1471 1488 1513 minus
1518 1483 1696 1514 consen·
1725 1511 1728 1512 ⁷

220 1542 385 1578 taneum
413 1548 509 1578 esse
541 1542 704 1578 censet:
737 1531 917 1587 ἄμεινον
945 1535 1086 1591 λέγειν
1115 1532 1233 1579 ἇνύω
1263 1532 1382 1593 ἤπερ
1412 1532 1504 1580 ἶίνω
1531 1535 1604 1580 ἵνα
1632 1536 1694 1595 μὴ
1720 1559 1728 1571 Α·

219 1599 490 1658 παραλόγως
516 1599 758 1658 μηκύνηται
783 1600 833 1643 τὸ
867 1596 1005 1656 ὅῖλφα.
1065 1601 1250 1644 Alterum
1278 1599 1440 1658 φθάνω
1471 1604 1590 1646 metri
1622 1617 1697 1646 ne-

220 1668 416 1711 cessitate
460 1674 700 1710 excusatum
738 1666 863 1710 habet
904 1665 1047 1710 Schol.
1077 1666 1126 1710 11.
1157 1666 1232 1710 IX.
1263 1667 1359 1710 506.
1401 1667 1604 1713 ἕκτατέον
1642 1669 1692 1713 τὸ

221 1732 391 1790 φθάνει
429 1732 503 1777 διὰ
541 1732 590 1775 τὸ
630 1732 811 1789 μέτρον·
855 1729 879 1776 ὁ
922 1732 971 1776 δὲ
1005 1731 1255 1790 Ζηνόδοτος
1293 1731 1455 1792 γράφει
1492 1736 1696 1792 φθανέει,

222 1806 447 1844 commotus
478 1800 657 1842 fortasse
689 1800 961 1854 congruentia
991 1800 1211 1843 verborum
1246 1795 1338 1844 ἅνω
1369 1807 1409 1844 et
1439 1797 1576 1858 ἄνέω,
1615 1815 1696 1859 quo

219 1865 455 1923 Xenophon
491 1867 616 1908 utitur
651 1871 691 1908 et
719 1864 951 1918 Hesychius
981 1868 1223 1924 Προςανῶν
1260 1863 1538 1925 προςαύξων·
1577 1865 1697 1912 ἀνεῖν

220 1931 303 1989 γὰρ
333 1932 382 1975 τὸ
415 1927 561 1983 αἷῖξειν
587 1930 662 1974 καὶ
691 1927 796 1986 ἔνην
824 1928 902 1987 τήν
931 1930 1125 1989 αὔξησιν,
1156 1934 1239 1975 nisi
1264 1933 1302 1975 is
1333 1933 1383 1975 de
1409 1933 1626 1990 harytono,
1655 1942 1699 1978 ut

220 1998 396 2041 Vossius
438 1998 596 2047 statuit,
634 1996 826 2052 loquutus
867 2004 953 2049 est3
984 2001 1246 2054 vposteriores
1287 2005 1426 2042 tamen
1460 1997 1622 2056 φθάνω
1653 2003 1697 2044 in

220 2063 459 2107 hexametro
491 2064 755 2138 scripserunt,
785 2076 867 2106 non
888 2064 1090 2119 φθανέω.
1135 2060 1259 2106 ”Amo
1287 2077 1361 2120 pro
1387 2062 1494 2108 αἶ’νω
1518 2065 1567 2108 τὸ
1593 2063 1697 2111 ἅνα-

222 2128 335 2173 ὄεύω
366 2143 449 2173 non
474 2129 666 2185 legimus,
696 2130 779 2171 nisi
805 2128 913 2185 quod
941 2127 1180 2172 Eustathius
1211 2129 1310 2172 dicit
1334 2129 1430 2181 801,
1459 2131 1527 2173 60.
1573 2135 1696 2176 Παυ-

222 2195 378 2246 σανίας
415 2193 467 2239 οὗ
505 2195 579 2240 διὰ
611 2192 863 2252 ὁιφθόγγου
901 2210 1084 2277 γραφων
1121 2192 1258 2238 αἶνεῖν
1294 2192 1408 2239 ἀλλὰ
1444 2196 1518 2240 διὰ
1557 2195 1698 2251 μόνου

220 2267 300 2308 τοῦ
331 2281 360 2307 α
389 2263 523 2322 φησὶν
554 2261 671 2307 ἀνεῖν
701 2262 745 2307 ἐν
773 2260 996 2307 ἐκτάσει’
977 2262 1089 2317 ἐχειν
1115 2264 1164 2307 τὸ
1198 2281 1238 2313 α,
1268 2263 1319 2307 de
1347 2261 1599 2320 barytono’
1578 2263 1698 2310 οἶνειν

222 2332 373 2375 dictum
405 2338 480 2375 est.
538 2329 600 2372 De
633 2330 818 2372 secunda
848 2329 1056 2372 vocalium
1086 2330 1191 2374 haec
1222 2331 1392 2374 docent:
1428 2331 1482 2375 τὰ
1515 2331 1589 2376 διὰ
1617 2335 1696 2377 τοῦ

223 2417 332 2444 αινω
371 2399 445 2443 διὰ
475 2401 553 2456 τῆς
590 2416 638 2442 αι
676 2398 897 2456 γράφεται
926 2399 1042 2456 πλὴν
1070 2402 1150 2443 τοῦ
1182 2399 1346 2447 σθένω,
1385 2400 1521 2454 μένω,
1561 2401 1694 2451 πένω,

222 2468 356 2513 στένω
376 2468 587 2512 Theodos.
608 2468 787 2511 Gramm.
812 2482 850 2525 p.
869 2468 935 2510 72.
966 2465 1020 2511 τὰ
1050 2466 1123 2511 διὰ
1152 2469 1233 2511 τοῦ
1261 2485 1369 2512 αινω
1400 2467 1474 2512 διὰ
1503 2467 1697 2526 διφθόγ-

221 2550 314 2589 γου.
361 2533 478 2578 ‘'Oooc
515 2534 564 2579 δὲ
598 2532 875 2592 παράγουσιν
908 2532 958 2586 ἐξ
985 2529 1130 2577 αὑτῶν
1166 2529 1375 2590 ἇρσενικά
1404 2531 1601 2589 ὂνόμοῖτα
1631 2532 1697 2587 εἷς

222 2594 279 2655 οξ
308 2602 382 2647 διὰ
416 2606 495 2647 τοῦ
517 2594 555 2648 ’ἕ
576 2603 721 2661 φένω,
765 2602 920 2654 στένω,
953 2602 1092 2647 πένω·
1130 2600 1209 2645 σὺν
1245 2599 1420 2653 τούτοις
1455 2602 1505 2647 δὲ
1542 2602 1618 2647 καὶ
1644 2601 1695 2647 τὸ

224 2666 305 2712 ἔνω
337 2670 385 2713 τὸ
418 2667 620 2726 δύναμαι,
651 2670 759 2726 quod
779 2671 838 2713 ita
868 2669 1045 2724 intelligi
1074 2668 1197 2711 dehet
1219 2680 1269 2711 ac
1294 2669 1331 2710 si
1360 2670 1556 2725 scriptum
1583 2675 1696 2712 esset

223 2733 271 2777 τὸ
306 2734 387 2779 ἕνω
419 2732 503 2794 ἀφ’
538 2730 590 2782 οὗ
625 2735 673 2780 τὸ
710 2733 829 2782 ἀνύω
861 2736 910 2780 τὸ
942 2733 1132 2790 δύναμαι
1161 2740 1203 2781 ut
1233 2733 1330 2782 Sch.
1362 2733 1438 2781 Od.
1457 2733 1488 2781 I.
1523 2734 1562 2781 l.
1593 2748 1631 2792 p.
1651 2736 1693 2780 9.
