1728 3120
34 113 47 154 4

309 203 414 247 (ιιι.
444 203 496 247 ιι.
555 202 626 246 DE
658 200 858 245 vssflssls
886 199 1257 244 DENTALlssus.
1427 201 1527 249 229

128 401 187 432 o
224 387 357 432 verba
391 389 438 431 in
473 387 553 440 ιζω
586 389 781 430 exeuntia
822 399 849 429 a
885 386 1189 443 perispomenis
1231 385 1390 441 primae
1425 395 1527 426 con-

119 456 275 501 tionis
298 462 399 500 nata
427 467 548 506 esse3
585 454 828 511 quibuscum
864 452 995 497 verba
1033 451 1243 495 secundae
1281 456 1531 495 connectunt

25 476 128 632 ξ
93 525 227 615 ,ριικῶ
262 521 510 582 μηρυκίζω,
549 524 719 576 νεμεσῶ
758 520 970 575 νεμεσίζω
993 519 1107 563 Eust.
1136 520 1235 571 616,
1264 520 1330 563 16.
1388 519 1532 576 Atque

112 327 115 330 ’
135 340 172 361 υ.
189 320 258 371 “)
287 315 375 361 His
395 319 532 361 autem
551 315 742 360 omnibus
767 315 891 360 valde
910 314 1137 358 infirmatur
1154 313 1530 357 Grammaticorum

147 604 356 648 quoque
386 589 665 635 dicatalexiae
702 588 893 646 exempla
920 588 1030 632 haud
1060 601 1197 646 pauca
1225 594 1339 639 sunt,
1376 587 1526 644 partim

91 659 349 711 ,ιιιίίὶοᾶῐίθιιο
373 657 558 702 discreta
585 663 629 700 ut
666 653 852 716 ἇριστᾷν
880 663 920 700 et
954 652 1216 715 ἆριστίζειν,
1255 655 1528 709 κακοδαιμοε

117 733 192 775 et
218 724 612 780 κακοδαιμονίζειν,
644 726 793 782 partim
824 737 1057 780 synonyma
1086 730 1128 767 ut
1155 725 1351 782 βυκανᾷν
1379 729 1420 766 et
1446 725 1533 777 βυ-·

134 794 244 849 ζειν
277 795 524 849 μωκᾶσθαι
552 799 592 836 et
620 789 828 847 μωκίζειν
857 791 974 835 Suid.
1005 791 1081 835 sed
1110 793 1250 835 omnia
1279 791 1370 834 sine
1400 789 1525 833 dubio

87 861 325 907 ominibus
345 860 536 905 derivata
554 866 647 904 sunt
672 866 845 916 utroque
865 872 1030 903 versum
1057 859 1240 903 directis.
1297 857 1525 914 Aliquanto

70 931 227 977 miora
255 929 311 974 ad
338 928 671 986 persuadendum
697 934 815 971 erant
845 926 1069 981 κοιμίζειν,
1102 924 1324 983 ἐρωτίζειν
1352 924 1452 968 Hes.
1486 930 1528 967 et

50 995 60 1007 ³
93 997 341 1052 wigen,
385 996 496 1054 quod
533 994 838 1052 Glossographi
881 1007 931 1037 ex
972 992 1220 1036 Teleclidae
1263 991 1410 1034 fabula
1453 1005 1526 1034 ex-

35 1066 283 1123 {ignauum
322 1077 419 1108 nam
457 1063 524 1108 his
553 1064 742 1122 proxima
769 1069 863 1106 sunt
898 1061 1031 1105 verba
1067 1063 1228 1119 κοιμᾷν
1264 1066 1304 1102 et
1343 1056 1524 1118 ἐρωτᾷν.

53 1159 67 1171 ι.
89 1133 134 1178 d
162 1131 389 1178 nonnullos
418 1137 603 1176 veterum
640 1130 853 1174 doctorum
889 1131 932 1172 in
970 1129 1051 1173 hac
1089 1129 1284 1186 opinione
1321 1127 1454 1170 fuisse
1484 1134 1527 1170 ut

80 1222 96 1242 ιι
127 1216 174 1247 ιιι
200 1203 246 1247 iu
273 1191 356 1257 ι-ζῖιῖ
387 1214 415 1246 a
440 1203 576 1260 prima
602 1201 725 1245 modo
755 1201 1048 1257 conjugatione
1080 1199 1262 1243 derivari
1292 1204 1525 1249 censerent,

95 1275 99 1279 ’
161 1273 261 1315 item
297 1283 327 1314 a
361 1270 569 1321 secunda,
609 1270 755 1313 nescio
796 1281 851 1311 an
889 1282 942 1312 ex
977 1267 1162 1312 Helladii
1199 1265 1526 1324 reprehensione

43 1338 191 1396 1Ιίςί
213 1339 348 1398 possit
369 1337 418 1383 τὸ
451 1334 680 1397 φοιτάζειν
697 1335 984 1390 Καλλίμαχος
1002 1333 1273 1393 παραλόγως
1302 1330 1404 1378 εἶπε
1423 1349 1528 1392 φοι-

78 1406 196 1457 'um
233 1405 347 1464 quod
383 1405 567 1450 fortasse
598 1404 674 1449 alii
703 1404 756 1448 ob
786 1404 895 1447 hanc
924 1405 1059 1487 ipsam
1090 1416 1263 1448 causam
1302 1401 1355 1446 ab
1386 1403 1527 1446 ionico

92 1474 211 1520 τέω
238 1475 518 1532 repetiverunt
546 1479 588 1517 ut
613 1471 709 1516 EM.
740 1473 809 1523 63,
838 1472 906 1515 30.
938 1471 1029 1516 ἀπὸ
1062 1473 1144 1515 τοῦ
1173 1467 1267 1514 ἀλῶ
1299 1468 1436 1523 &augeo
1467 1466 1529 1520 ὠς

67 1544 192 1587 ιοιτῶ
220 1541 423 1600 φοιτίζω,
455 1542 541 1584 nisi
572 1543 610 1584 is
631 1542 887 1598 comparavit
908 1540 1096 1597 disparia
1121 1534 1238 1583 ἆλέω
1270 1544 1311 1580 et
1336 1534 1528 1594 φοιτάω.

44 1609 137 1658 ,ο1,
151 1611 277 1654 etiam
297 1622 325 1653 a
342 1606 519 1668 φοιτάω
549 1615 750 1652 consueta
778 1609 940 1651 ratione
970 1604 1186 1664 φοιτάζω,
1215 1603 1313 1648 hinc
1341 1602 1529 1662 φοιτίζω

31 1663 62 1738 ξιτ
72 1698 75 1716 ι
114 1685 199 1723 tum
227 1690 325 1722 esse
345 1677 611 1733 conjecerunt
640 1682 683 1719 ut
703 1675 862 1730 σεβίζω
896 1691 944 1718 εκ
966 1675 1047 1718 τοῦ
1068 1670 1241 1728 σεβάζω
1255 1670 1353 1714 EM
1367 1671 1464 1723 539,
1488 1671 1530 1714 5.

57 1770 61 1775 ·
84 1766 88 1784 τ
111 1746 158 1790 ul
182 1752 398 1803 utrumque
437 1757 464 1788 a
492 1743 610 1800 σέβω
638 1750 911 1802 propagatum
940 1748 1004 1785 est
1033 1742 1140 1786 sicut
1169 1739 1223 1784 ab
1263 1739 1360 1783 aliis
1391 1740 1532 1797 stirpiss

161 1816 253 1858 sive
287 1811 531 1857 verbalibus
571 1813 660 1856 sive
689 1810 973 1856 nominaiibus
1010 1806 1212 1862 νοσάζειν
1249 1814 1292 1851 et
1329 1805 1530 1860 νοσίζειν,

36 1878 257 1940 μοιίάζειν
286 1887 328 1925 et
355 1877 568 1933 ποκίζειν,
597 1876 937 1938 μηρυκάζεσθαι
968 1884 1010 1920 et
1041 1874 1387 1934 μηρυκίζεσθαι,
1421 1891 1533 1929 επη-

45 1947 247 2006 ’γάζειν
277 1946 596 2005 επηλυγίζειν,
611 1945 830 2001 ἕπωάζειν
859 1943 1070 2004 ἐπώζειν,
1110 1941 1375 1996 παππάζειν
1407 1957 1531 1986 παπ-

77 2017 194 2072 ζειν
215 2018 281 2072 (ut
292 2013 565 2074 ἆδελφίζειν)
588 2000 909 2069 Ὠπάζεσθαι(
887 2014 998 2071 ορᾷν
1015 2019 1055 2054 et
1077 2007 1343 2055 Ὀπίσσεται
1364 2006 1534 2067 ὄψεται

83 2099 150 2130 s.
187 2084 432 2167 quibuscum
474 2090 695 2140 cognatum
737 2088 801 2126 est
837 2080 1009 2125 verbum
1051 2092 1196 2137 purum
1239 2075 1531 2136 ωπήσασθαι,

108 2155 254 2213 ωπᾷν.
310 2149 399 2196 Nec
436 2165 534 2196 raro
572 2151 616 2195 fit
655 2158 698 2194 ut
725 2152 814 2194 iota
851 2156 892 2193 et
922 2147 1048 2205 alpha
1077 2147 1188 2190 idem
1225 2145 1397 2190 verbum
1432 2159 1533 2190 con-

88 2223 216 2266 «otim
243 2226 444 2279 occupent
471 2217 732 2272 αὖθαδίζειν
762 2213 1074 2268 αὗθαὸιάζειν,
1107 2212 1387 2272 φρατρίζειν,
1416 2229 1535 2271 φρα-

18 617 101 765 i

12 1289 20 1370 v·-

32 1559 37 1572 ’”
32 1486 39 1541 ··‘-*·-
33 1466 39 1479 ·
34 1180 46 1462 ἢοκ--ο---ωα-ιι-ιιιουι---νκ

30 1760 42 1894 Ἢ--νκῆ
32 1746 41 1755 -.

32 2412 34 2417 ,
146 2371 204 2417 14)
235 2369 474 2406 praetermisi
498 2368 630 2411 multa,
665 2377 817 2412 quorum
851 2366 1067 2411 scripturam
1091 2365 1264 2400 incertam
1299 2363 1420 2399 reddit
1445 2363 1535 2398 iota-

14 2431 29 2451 ’·
61 2448 95 2463 .;
113 2441 152 2465 «ιι
174 2428 335 2476 suspicio
358 2433 399 2463 ut
421 2427 639 2473 διισθμῆσαι
665 2430 702 2459 et
727 2422 1020 2470 ὑπερισθμῆσαι,
1053 2434 1146 2468 quae
1172 2420 1390 2457 Fritzschius
1415 2427 1536 2457 tuetur

84 2485 402 2525 Arist.'1*hesm.
428 2497 462 2532 p.
491 2483 570 2519 234.
597 2483 663 2518 sed
688 2482 915 2526 συνισθμίζω
940 2479 1044 2515 metri
1068 2479 1160 2515 ratio
1185 2478 1363 2526 efflagitat
1387 2479 1532 2524 Scymn.

80 2544 188 2582 ..370
236 2542 324 2580 Νοιι
347 2543 463 2578 minus
489 2542 599 2578 dubia
622 2541 810 2589 ῥυθμνσαι
835 2537 920 2573 Sch.
947 2536 1101 2571 Theocr.
1119 2535 1164 2572 X.
1190 2535 1246 2573 39.
1272 2542 1307 2571 et
1334 2535 1536 2581 composita

46 2627 58 2638 ,ι
86 2627 89 2633 ι
87 2603 370 2654 αρρυθμῆσαι,
393 2600 714 2649 μεταρῤυθμῆσαι,
739 2596 946 2642 pariterque
971 2595 1204 2642 στροβιλῆσαι
1231 2604 1266 2628 ν.
1291 2593 1338 2628 ad
1351 2592 1438 2627 Phr.
1454 2591 1534 2627 397.

70 2661 301 2709 τηρεμῆσαι
324 2658 558 2704 tranquillare
590 2662 625 2691 et
653 2660 781 2690 contra
805 2652 1005 2689 ἀπεκάκισε
1030 2651 1116 2687 Hes.
1135 2650 1180 2686 cf.
1205 2650 1252 2685 ad
1275 2649 1365 2684 Phr.
1390 2649 1470 2685 569.
1497 2654 1535 2683 et

86 2723 132 2754 ἐ.
179 2717 240 2754 De
266 2715 408 2758 multis,
446 2725 541 2760 quae
566 2724 652 2748 raro
677 2719 739 2748 aut
769 2711 867 2759 apud
898 2711 1096 2755 scriptores
1122 2708 1281 2744 novitios
1308 2713 1345 2742 et
1367 2707 1536 2742 indoctos

22 2811 23 2814 ,
62 2792 106 2819 ,ι·,
139 2780 243 2818 ntur,
273 2771 463 2821 judicandi
488 2775 652 2818 potestas
678 2781 751 2805 non
777 2769 891 2804 datur.
940 2766 1016 2803 Sed
1051 2768 1227 2813 ιιίωρίζω,
1261 2767 1433 2809 κλονίζω,
1470 2777 1534 2799 κο-

0 2842 18 2863 ι
51 2835 184 2882 σμίζω,
207 2832 462 2879 παροισιρίζω,
484 2829 712 2877 σφενδονίζω
735 2827 890 2864 dialecto
905 2825 1073 2873 plebejae
1089 2823 1330 2861 condonanda
1354 2822 1536 2860 videntur.

0 2970 1 2973 ,

8 2983 45 3120 ᾗ
