1728 3120
223 180 324 227 262
647 166 1111 214 DlSSERTATIO
1155 168 1265 212 XVI.

228 287 522 334 derivatorum,
567 282 669 326 nihil
710 282 845 325 simile
884 282 1090 332 nascitur,
1133 282 1217 323 nisi
1255 281 1362 324 sorte
1405 280 1486 325 huc
1522 282 1627 338 perti
1684 289 1703 327 t;

226 349 427 396 Αἶκίδὸα
470 346 649 403 αἰσχύνη
686 346 903 398 Λάκωνες
938 346 1039 390 Hes.
1077 353 1120 389 ut
1156 345 1490 395 Hemsterhusiun
1527 287 1702 414 corrigia

226 433 300 478 pro
331 415 529 462 αἶ’κουόα.
590 416 730 460 Semel
750 408 795 460 ἶ
814 417 1074 460 substitutum
1103 422 1167 459 est
1207 412 1362 468 πλάζω
1386 414 1530 472 πλάνη
1559 422 1705 477 natans*

228 488 407 531 fortasse
443 499 494 528 ex
516 477 583 542 Ῑιῆ
605 486 837 529 adulterino
866 485 989 528 futuri
1029 481 1210 539 πλάγξω
1240 491 1283 527 ut
1319 482 1490 540 κλάγξω
1519 479 1701 541 alays*

230 555 336 613 quod
371 568 454 598 non
481 556 614 597 minus
644 554 872 598 solitarium
906 560 980 597 est.
1037 553 1119 597 Pro
1143 543 1213 597 ἆσ-
1235 554 1474 611 supponitur
1497 566 1580 596 una
1608 550 1709 666 guid

229 622 440 673 turalium3
464 634 514 664 ac
529 622 744 678 primitivis
763 621 926 678 quidem
942 626 1179 663 constanter
1192 632 1359 674 gamma
1374 614 1496 664 ι’ίσσω
1508 616 1689 675 (ἅγνυμιζ

231 686 327 746 ἇγή,
358 685 483 747 ῥαγή,
509 685 644 745 πάγη,
674 685 797 744 ταγή,
827 684 1098 745 περιφραγή,
1130 682 1360 743 κατανυγή,
1387 684 1549 744 πληγή,
1578 692 1709 744 ΡΥαοΗ

230 762 293 798 ter
328 767 451 797 unum
491 753 657 812 πτυχή,
703 761 824 811 atque
863 753 1007 797 horum
1049 751 1276 809 exemplum
1320 759 1544 808 sequuntur
1577 755 1709 797 etian'r

231 833 451 878 paragoga
481 817 673 878 ἆλλαγή,
704 818 900 878 παταγή,
935 817 1104 876 τιναγή,
1133 814 1323 876 χαραγή,
1358 813 1561 878 ὀλολυγή,
1590 816 1650 874 ἂμ
1685 835 1709 878 Α·

233 885 365 945 ρυγή,
402 887 475 930 sed
515 886 621 930 haec
652 889 786 930 minus
815 893 1075 937 constantem
1114 898 1210 928 nam
1242 891 1283 928 et
1314 886 1450 929 tenuis
1478 884 1713 943 repetitura

234 950 338 1010 ἆϊκή
370 949 460 996 ἀπὸ
490 955 569 996 τοῦ
599 951 761 1003 ἄΐσσω,
798 950 858 1005 ὡς
887 950 1101 1011 φυλάσσω
1132 949 1328 1008 φυλακή,
1355 947 1534 996 ὑλάσσω
1563 949 1713 1012 ὑλακή

235 1018 377 1062 Schol.
398 1017 445 1060 11.
470 1017 561 1060 XV.
591 1019 686 1062 709.
715 1021 797 1063 nisi
827 1019 933 1062 haec
961 1031 1192 1075 paronyma
1221 1024 1314 1061 sunt
1343 1017 1396 1061 ab
1427 1013 1516 1070 ι’ίῖξ,
1545 1016 1666 1076 φύλα

234 1084 285 1128 Et
322 1098 612 1141 nonnunquam
653 1088 837 1143 aspirata
869 1085 1042 1142 perfecti
1080 1085 1199 1140 primi
1237 1083 1578 1128 characteristica
1617 1101 1654 1129 π
1711 1099 1714 1103 ’

235 1148 358 1209 λαχή,
389 1150 570 1209 ταραχή,
600 1148 755 1209 ἀμυχή,
783 1148 916 1208 ὂρυχή
948 1152 1030 1193 nisi
1060 1146 1238 1207 ὅρύσσω
1264 1151 1482 1207 primitivis
1510 1151 1717 1203 adnumeg

235 1230 388 1260 ramus.
456 1216 540 1260 Sed
584 1218 693 1260 idem
731 1220 983 1275 posteriores
1021 1230 1095 1274 per
1135 1229 1303 1271 gamma
1339 1217 1522 1260 scribunt
1567 1214 1717 1276 ὀρυγῆῖ

237 1287 398 1340 sequuti
425 1285 623 1333 aoristum
642 1280 825 1341 ιῗίρυγον.
848 1290 859 1310 ¹
875 1287 914 1336 ⁸)
971 1282 1023 1326 Et
1052 1282 1267 1339 tripliciter
1293 1283 1400 1327 adeo
1427 1285 1563 1328 variat
1589 1283 1711 1329 verbi

157 1398 162 1400 ,
237 1347 413 1395 ἀλύσσω
459 1353 681 1408 progenies
723 1347 880 1409 ἇλυγή,
921 1347 1059 1406 atum]
1102 1349 1282 1400 (elucuS‚
1326 1349 1532 1405 alucinor)
1572 1347 1715 1410 deluxit?

239 1417 346 1474 apud
385 1416 673 1474 Hippocratem
707 1419 877 1474 ejusque
912 1420 1155 1473 interpretes
1192 1428 1391 1471 graecos,
1435 1429 1569 1473 neque
1609 1411 1717 1473 mihi}

239 1491 432 1541 exputare
463 1486 634 1539 contigit
662 1485 808 1541 quibus
837 1483 1003 1539 legibus
1029 1482 1135 1525 haec
1154 1495 1430 1526 consonarum
1456 1484 1640 1528 varietas
1668 1491 1721 1531 etz}

236 1551 480 1594 vicissitudo
499 1557 679 1606 regatur.
722 1549 910 1607 Denique
935 1549 1120 1593 ordinem
1143 1548 1303 1592 excedit
1321 1546 1440 1602 μάζα
1455 1550 1493 1592 si
1513 1547 1717 1604 ειμάσσω..

239 1616 464 1659 derivatum
486 1623 549 1660 est
577 1630 658 1660 non
679 1630 705 1660 a
733 1614 858 1671 μάζω
886 1616 936 1660 τὸ
963 1614 1205 1672 καθαρίζω,
1238 1615 1347 1672 quod
1374 1615 1527 1672 legitur
1547 1617 1723 1674 quidem

241 1683 347 1739 apud
369 1682 620 1738 Hesychium
650 1684 725 1726 sed
756 1683 894 1727 alieno
919 1683 1015 1728 loco
1046 1688 1141 1725 ante
1163 1683 1378 1724 Mffooov·
1410 1696 1489 1726 nec
1517 1677 1723 1734 usitatum}

240 1756 304 1792 est
329 1749 497 1792 verbum
527 1747 663 1806 φύζω,
692 1750 798 1792 unde
828 1747 947 1804 φύζα
976 1750 1183 1805 repetitur.
1241 1746 1304 1790 De
1332 1749 1538 1793 vocalium
1567 1752 1722 1799 incon-g·

241 1817 394 1858 stantia
423 1817 460 1858 si
490 1818 581 1872 quis
600 1830 664 1860 me
684 1816 885 1866 consulat,
916 1815 1019 1858 illud
1048 1814 1211 1871 quidem
1230 1815 1490 1859 manifestum
1518 1823 1582 1860 est
1599 1813 1728 1871 ἃμα-’ὲ

242 1881 348 1939 ρυγή
380 1889 420 1924 et
446 1880 711 1938 μαρμαρυγή
740 1895 821 1925 non
851 1883 1035 1938 potuisse
1059 1883 1199 1925 versui
1219 1881 1388 1926 heroico
1412 1882 1602 1940 adaptari
1628 1884 1728 1927 nisi·-

243 1948 414 1990 alterum
444 1948 612 2002 longam
632 1948 804 1990 haberet
826 1948 1103 2003 penultimam,
1137 1947 1309 1990 alterum
1338 1948 1518 2001 brevem,
1547 1949 1623 1992 sed
1641 1961 1714 1993 cur

242 2010 388 2069 πληγή
406 2012 534 2055 aliam
553 2013 741 2056 vocalem
772 2015 981 2068 acceperit
1010 2019 1130 2068 atque
1151 2011 1274 2070 ῥαγή,
1293 2018 1358 2067 ¹⁹)
1386 2015 1430 2058 id
1459 2015 1557 2058 mihi
1581 2016 1728 2059 latere*

242 2081 389 2123 fateor.
448 2079 675 2122 Verborum
705 2082 746 2123 in
778 2097 868 2124 σκω
899 2082 1130 2124 exeuntium
1159 2083 1230 2123 uni
1260 2095 1411 2125 nomen
1439 2086 1619 2127 accessit
1647 2084 1726 2128 dce-

244 2142 367 2202 δαχή.
428 2145 544 2197 Quae
579 2145 729 2202 duplex
745 2147 915 2190 lambda
944 2148 1152 2190 continent
1179 2148 1222 2189 in
1241 2144 1410 2192 nomina
1433 2151 1612 2193 transire
1630 2145 1716 2195 noti

243 2218 415 2268 possunt
443 2213 539 2267 quin
574 2221 789 2256 assumant
824 2215 1009 2257 omicron
1035 2213 1208 2270 perfecti
1242 2215 1412 2258 secundi
1444 2229 1630 2260 consona
1659 2216 1728 2261 ad:

244 2279 426 2321 nativam
456 2278 758 2335 simplicitatem
784 2279 957 2323 redacta
984 2276 1118 2335 βολή,
1151 2278 1296 2337 στολή,
1331 2279 1496 2339 ἐντολή.
1554 2281 1723 2326 Lahiru

244 2344 354 2386 libus
385 2357 491 2400 quae
532 2348 712 2389 accessit
749 2346 927 2389 dentalis
960 2358 1102 2389 rursus
1136 2345 1310 2390 demitur
1349 2346 1470 2405 κάπη
1507 2349 1633 2407 παρὰ
1662 2349 1713 2394 τὸ

1706 2436 1714 2467 i

338 2509 394 2553 18)
427 2509 473 2545 V.
498 2510 544 2544 ad
556 2510 690 2547 Buttm.
706 2511 784 2548 260.
803 2510 1001 2561 Δὀρώρυγον
1023 2523 1091 2558 pro
1116 2513 1254 2547 aoristo
1279 2514 1389 2549 attico
1413 2513 1562 2551 affertur
1581 2515 1618 2551 in
1640 2503 1713 2552 Hess

245 2565 427 2600 rodianeis
454 2566 571 2602 Cram.
595 2565 655 2601 111.
680 2566 759 2602 265.

337 2621 394 2665 19)
427 2620 554 2657 Galen.
568 2622 843 2674 Glossanyfim
864 2627 1040 2672 σχίσμασι
1053 2622 1214 2672 ῥήγμασι
1236 2626 1302 2661 sed
1325 2627 1430 2663 codd.
1454 2624 1585 2676 ρἡεσι
1607 2638 1711 2674 prae·

245 2676 330 2712 bent
355 2677 510 2713 fortasse
530 2690 599 2725 pro
628 2676 763 2726 ῥήγεσι.
810 2681 1019 2717 Eustathius
1043 2679 1123 2724 782,
1149 2681 1205 2717 20.
1230 2683 1340 2731 ῥῆγος
1365 2683 1457 2724 τινὲς
1477 2682 1521 2720 ιά
1543 2682 1716 2733 ῥήγματα»

247 2734 318 2768 τῶν
338 2736 525 2780 κροσσῶν,
550 2735 663 2782 ἕτεροι
691 2737 731 2772 δὲ
756 2735 856 2785 παρὰ
879 2735 917 2774 τὸ
942 2739 1044 2786 ῥῆξαι
1070 2736 1109 2773 τὸ
1131 2736 1259 2784 βάψαι.
