1728 3120
224 206 328 254 280
644 200 1118 245 DISSERTATIO
1161 201 1294 246 XVII.

223 311 337 371 Ἰρος
366 312 418 354 ab
450 307 555 367 εἷ’ρω
592 312 817 356 derivatum
845 313 986 357 volunt
1016 313 1113 357 Sch.
1135 312 1211 357 Od.
1231 312 1382 358 XVIII.
1394 307 1442 358 B.-
1462 314 1590 360 fidem
1617 307 1703 360 nou'

230 385 413 429 merent3
438 376 598 434 φοιδός
630 380 854 442 analogiae
885 383 1136 429 conveniens
1166 380 1240 424 sed
1269 383 1452 437 ignotum
1471 389 1564 435 ’θείς
1599 398 1699 439 φει-·

231 443 309 497 δός
337 443 575 488 Eustathius
602 460 640 503 p.
669 447 764 498 537,
795 447 864 490 40.
893 454 1068 490 testatur
1097 447 1208 491 κατὰ
1239 447 1698 507 παλαιὰνάωμῳδίαν

232 511 314 554 dici
348 517 388 553 et
425 511 687 555 confirmatur
725 515 1003 571 comparativo
1038 514 1299 572 φειδότερος
1328 511 1445 558 Stob.
1472 510 1697 558 Pion-Tit.

228 577 297 629 83,
322 579 390 620 25.
423 579 521 626 (nisi
538 578 863 638 φειδωλότερος
877 582 972 635 fuit)
997 582 1207 637 ceteroqui
1229 579 1567 637 incomparabile.
1611 579 1699 623 Sec‘i

229 651 270 687 et
298 640 439 694 οὗλός,
468 639 599 696 οὖλος
629 652 669 687 et
696 643 846 699 ἴουλος
873 649 944 691 via
971 660 1141 705 prorsus
1172 646 1363 690 solitaria
1391 646 1444 690 ab
1466 645 1700 690 efflato-de·-

230 711 353 754 ducta
390 717 484 752 sunt
519 724 557 754 v.
588 711 633 753 P.
665 712 694 754 Ι.
736 713 771 768 §.
798 713 838 756 4.
906 712 1087 757 Vocales
1126 713 1337 770 simplices
1373 727 1458 757 non
1494 720 1700 757 mutantur

227 780 310 822 nisi
336 770 433 822 {in
458 770 507 830 ἶ,
539 782 653 836 cujus
685 782 908 839 enallagae
938 782 1128 838 exempla
1156 782 1314 825 infinita
1343 782 1544 839 praebent
1567 782 1700 827 verba.

226 846 476 902 penultimae
506 861 633 904 purae
663 849 787 905 θρέω
814 848 968 906 θρόος,
998 849 1092 893 θέω
1122 846 1250 900 θοός,
1279 848 1403 906 φέρω
1433 847 1588 907 φόρος,
1615 860 1699 893 non

227 915 289 955 ita
327 913 454 955 multa
489 926 621 968 genus
662 916 834 958 alterum
869 916 1087 959 verborum
1128 913 1239 958 ἕλκω
1270 912 1423 966 ὁλκός,
1464 913 1547 969 ἔχω
1584 911 1698 969 ὄχος,

230 979 379 1023 κένσαι
410 978 573 1031 κοντός,
606 981 703 1037 ἕψω
734 978 854 1037 ἷίψον
882 981 1031 1024 Athen.
1055 981 1152 1024 277.
1179 981 1230 1023 A.
1254 982 1320 1035 ¹³)
1349 980 1476 1038 παρὰ
1503 979 1554 1024 τὸ
1587 979 1698 1037 ἔρχω

230 1041 362 1102 ι’)’ρχος
385 1041 411 1103 ἡ
437 1047 549 1089 κατὰ
573 1045 694 1099 τάξιν
718 1047 877 1103 φυτεία
891 1062 929 1091 v.
945 1048 1140 1103 Prolegg.
1155 1047 1251 1090 369.
1270 1052 1281 1073 ¹
1296 1050 1333 1100 θ)
1355 1054 1395 1090 et
1415 1046 1555 1105 vocali
1571 1043 1701 1090 uti-in„

171 1154 175 1158 ,
230 1124 308 1167 que
339 1118 492 1154 mutata
522 1112 668 1170 ἑρέφω
699 1110 882 1171 ῗίροφος,
912 1116 975 1157 cui
1006 1127 1127 1156 nemo
1155 1113 1380 1170 perfectum
1411 1109 1573 1172 ἆίροφα
1602 1114 1699 1158 sub*

231 1184 425 1221 structum
451 1178 538 1221 ibit.
597 1179 880 1224 Gonsonarum
900 1180 1016 1223 nulla
1035 1181 1301 1236 consequitur
1317 1181 1487 1223 mutatio
1511 1181 1594 1223 nisi
1615 1194 1698 1238 qua

229 1252 453 1288 renovatur
486 1245 604 1288 verbi
644 1246 777 1289 forma
817 1248 1065 1303 primigenia
1104 1246 1289 1300 δέκομαι
1325 1243 1456 1300 δοχός
1484 1253 1525 1289 et
1555 1245 1697 1298 δοκός,

228 1313 417 1366 βροῦχος
445 1312 571 1369 παρὰ
595 1311 643 1353 τὸ
676 1311 854 1366 βρύκειν
873 1312 970 1356 Sch.
987 1312 1032 1355 Il.
1049 1311 1167 1354 XXI.
1185 1312 1250 1353 12.
1274 1311 1382 1355 unde
1411 1313 1536 1356 etiam
1556 1313 1699 1356 affinia.

230 1389 466 1434 camparum
486 1385 526 1421 et
540 1377 791 1421 locustarum
811 1379 1017 1423 vocabula
1037 1375 1204 1434 βρούκη
1234 1380 1322 1421 sive
1338 1381 1531 1436 βροῦκος
1560 1391 1699 1432 eruca,

228 1440 410 1498 βραύκη,
439 1443 613 1501 βρόκος,
643 1446 715 1488 sed
745 1449 932 1501 βροῢχος
959 1446 1142 1502 proxime
1174 1456 1200 1486 a
1227 1441 1387 1500 βρύχω.
1425 1442 1568 1488 Schol.
1597 1445 1697 1490 Hes.

231 1507 344 1551 Scut.
371 1509 466 1552 366.
497 1509 628 1562 τύκος
666 1509 755 1554 ἀπὸ
793 1515 871 1555 τοῦ
902 1510 1039 1561 τὺκω,
1076 1511 1191 1565 cujus
1221 1517 1332 1553 extat
1368 1512 1548 1554 aoristus
1575 1522 1699 1556 τετυ-

231 1578 342 1624 κεῖν,
383 1582 422 1617 et
458 1575 510 1618 ab
545 1576 676 1620 altero
706 1576 884 1620 themate
913 1576 1052 1631 τύχος.
1111 1575 1197 1619 Sed
1227 1573 1462 1633 spissiores
1487 1590 1697 1622 consonae

229 1648 522 1693 extenuantur,
547 1643 679 1699 τρίζει)
715 1643 874 1701 Τριγὸς
902 1641 1068 1701 τρυγών
1094 1642 1192 1687 Hes.
1226 1640 1395 1701 κράζω,
1425 1644 1540 1699 cujus
1575 1644 1701 1702 alpha

230 1707 417 1762 longum,
448 1706 611 1765 κράγος
641 1716 680 1752 et
711 1708 870 1767 κραγός
898 1724 936 1753 v.
966 1709 1121 1753 Parall.
1151 1710 1246 1753 506.
1269 1713 1337 1764 ¹⁷)
1368 1717 1409 1754 et
1441 1711 1700 1768 item‘upav—

231 1771 308 1829 γός
337 1776 454 1830 picus
485 1781 524 1817 et
554 1773 883 1833 npayyw'vpicm
915 1774 1057 1831 κλάζω
1078 1777 1229 1833 clange
1255 1774 1500 1832 uzayyo'gut
1524 1775 1699 1835 κλαγγή,

325 1934 381 1978 15)
416 1935 504 1969 Cum
535 1934 604 1970 hoc
636 1933 844 1969 Eustathius
870 1934 951 1978 868,
974 1934 1007 1970 3.
1041 1935 1180 1971 confert
1210 1935 1347 1982 ἕπομαι
1379 1932 1520 1982 ὂπιὲζω,
1553 1933 1697 1980 ὄπαδὸς,

231 1999 324 2032 quae
350 1995 456 2035 trope
481 1990 770 2034 frequentissime
797 1990 989 2034 conjuncta
1020 1997 1075 2025 est
1108 2003 1186 2026 cum
1215 1992 1441 2027 derivatione
1470 1991 1536 2027 sed
1566 1992 1699 2027 nullam

230 2049 365 2078 certam
387 2045 547 2088 sequitui·
571 2046 753 2091 regulam:
780 2046 891 2092 ἔργον
914 2044 1047 2093 ἐργάνη
1072 2043 1256 2093 ὄργανον,
1291 2048 1387 2094 ἔργω
1411 2049 1554 2095 (εἴργω)
1581 2045 1697 2095 ὄρχμὴ

230 2098 420 2147 φραγμός,
455 2101 612 2145 ἔλπομαι
635 2099 727 2145 ὄλπη
752 2101 837 2136 Hes.
857 2100 1004 2148 Ὀλίγγη
1028 2100 1050 2146 ἡ
1074 2100 1278 2142 ἀνάπαυσις
1300 2103 1382 2138 Arc.
1405 2103 1480 2138 154.
1505 2109 1543 2138 et
1566 2103 1699 2150 ὦλλιγ-

229 2154 292 2201 γιά
327 2155 534 2203 νυσταγμός
567 2157 651 2192 Hes.
685 2157 731 2191 ab
764 2157 893 2192 eodem
924 2159 1039 2193 verbo
1072 2165 1155 2194 sunt
1186 2163 1222 2194 ut
1255 2156 1395 2199 ἑλιννύς
1426 2159 1504 2195 dies
1534 2160 1710 2196 feriatus.-

229 2211 358 2256 anue
391 2218 495 2257 trope
529 2213 637 2247 modo
667 2212 701 2247 in
734 2211 851 2247 forma
881 2214 1000 2258 posita
1033 2219 1090 2249 est
1120 2221 1159 2249 ut
1193 2212 1334 2262 ἐχμᾶζω
1365 2212 1529 2262 ὅχμάζω,
1562 2213 1709 2264 ἐμάνη

230 2265 377 2314 ὅρκᾶνη,
403 2268 511 2303 modo
526 2268 633 2303 alium
651 2269 871 2304 intellectum
884 2270 968 2304 facit
987 2269 1186 2318 ἐργάζομαι
1202 2267 1339 2318 ὄργάζω
1359 2270 1530 2316 (wir-ken,
1556 2270 1710 2307 durch-,-

229 2322 376 2357 wirlcen
398 2324 580 2370 subigere)
609 2322 736 2372 ἓχυρός
759 2330 794 2359 et
818 2323 962 2373 ὀχυρός,
998 2337 1146 2371 quorum
1175 2326 1265 2361 illud
1295 2338 1368 2362 non
1397 2327 1513 2363 solum
1538 2327 1584 2362 de
1607 2327 1711 2363 loch*

229 2379 295 2413 sed
320 2380 426 2414 etiam
445 2380 490 2414 de
514 2380 718 2415 hominibus
735 2380 987 2427 hominumque
1011 2382 1210 2419 actionibus
1228 2383 1367 2427 dicitur,
1394 2381 1523 2432 ὀχυράς
1544 2383 1590 2418 de
1606 2383 1697 2419 locis

228 2435 337 2470 modo
368 2435 415 2470 cf.
439 2435 587 2472 Jacobs.
613 2437 659 2471 ad
686 2438 856 2473 Philostr.
884 2437 962 2473 ⁶283.
989 2438 1107 2484 Popp.
1134 2439 1180 2473 ad
1205 2438 1314 2475 Thuc.
1339 2438 1367 2474 1.
1391 2439 1448 2476 35.

324 2491 382 2536 16)
404 2489 530 2539 ’Όρχοι
555 2496 682 2540 φυτῶν
707 2493 814 2539 ὀρθοὶ
838 2493 1056 2542 πορεύονται
1082 2494 1254 2529 Philostr.
1280 2494 1411 2542 lmagg.
1435 2494 1464 2530 l.
1487 2494 1521 2539 6,
1545 2494 1622 2530 771.

324 2551 380 2595 17)
416 2552 547 2586 Arcad.
571 2553 629 2588 47.
664 2551 705 2587 τὰ
737 2551 797 2587 διὰ
833 2556 896 2588 τοῦ
928 2566 1016 2598 αγος
1048 2551 1233 2588 ἔπιθετικὰ
1266 2555 1329 2588 καὶ
1357 2553 1409 2600 μὴ
1435 2551 1561 2589 ἐθνικοὶ
1585 2551 1699 2602 βαρύ-

230 2619 347 2650 νεται,
382 2606 520 2654 (parde,
558 2606 702 2656 κραγός.
757 2607 806 2643 Τὸ
832 2610 870 2644 δὲ
901 2607 1034 2657 κράγος
1058 2608 1076 2643 ὁ
1109 2608 1371 2657 κραυγαστικός
1391 2608 1604 2658 βαρύνεται,
1634 2612 1697 2645 καὶ

230 2662 267 2697 τὸ
292 2661 428 2708 Λῒάγος
461 2663 627 2710 ἐθ-νικὸν,
661 2666 718 2700 ubi
753 2666 848 2711 prius
887 2663 1080 2713 βαρύνεται
1113 2665 1148 2700 ἰη
1182 2663 1343 2705 ὀξύνεται
1368 2666 1593 2708 mutandum,
1616 2668 1697 2709 {tum

231 2719 492 2764 κραυγαστικός
525 2721 559 2755 in
596 2719 840 2769 κραυγασμός.
891 2722 1005 2756 Aliter
1033 2720 1123 2756 haec
1157 2723 1341 2757 constituit
1366 2721 1572 2759 Meinekius
1597 2722 1696 2758 Com.

230 2774 287 2809 Fr.
316 2774 357 2810 Π.
385 2776 463 2811 544.
