1728 3120
186 207 290 252 cst.
315 207 384 252 111.
431 207 502 251 DE
530 208 963 253 GUTTURALIBUS
990 208 1064 253 ET
1091 208 1348 263 LIQUIDIS.
1409 212 1510 259 235

3 339 5 343 ’
44 319 234 386 Jf'ssloco
265 319 412 367 Schol.
439 321 488 366 B.
527 322 643 367 addit
680 323 895 368 κοιλαίνει
933 321 1141 369 κοιλάνει.
1201 323 1289 368 Sed
1326 338 1400 382 pro
1429 324 1512 370 hoc

152 388 292 433 ndum
333 397 399 434 est
438 391 635 435 κυδαίνει
672 389 869 442 κυδάνει,
913 393 1013 449 quia
1055 392 1261 448 adJectiva
1299 393 1511 437 secundae

93 482 104 496 ν
125 460 321 504 'ationis
340 461 492 513 omnia,
522 461 606 505 nisi
628 451 722 505 Usu
751 462 958 519 accipiunt
979 468 1022 505 ut
1040 458 1263 517 ἇγαθύνω,
1296 461 1512 514 λεπτύνω,

366 532 374 541 ο
906 533 914 541 ·
995 533 1003 541 ⁰
1313 530 1326 546 ³

38 673 42 716 j
78 684 95 704 11
133 663 208 710 ille
237 666 363 710 utitur
389 663 555 711 οἷὸάνω
585 667 808 724 omniaque
836 666 902 711 his
935 668 1093 712 similia
1123 664 1288 723 ἂζάνω,
1320 664 1511 723 ἆλὸάνω,

38 724 67 748 ⁷·
90 729 230 787 κᾶνω,
269 728 500 778 ὄλισθάνω
542 747 594 779 ex
632 730 796 788 ἆζαίνω
827 742 903 779 etc.
945 737 1132 780 extitisse
1170 749 1254 780 non
1288 743 1372 780 tam
1412 751 1510 795 pro-

40 811 42 813 ’
92 799 167 844 'le
203 807 269 846 est
306 814 428 859 quam
468 815 495 845 a
531 804 737 846 communi
781 804 907 861 stirpe
949 805 1133 848 utriusve
1172 804 1333 848 formae
1378 805 1512 849 verba.

46 869 214 912 'arsum
242 870 366 928 quasi
405 868 558 928 duplici
588 877 709 928 partu
747 870 860 914 edita
894 884 1005 915 esse.
1063 870 1152 915 Sed
1185 874 1402 928 quominus
1431 889 1513 927 με-

40 943 63 995 j
172 949 200 980 a
224 937 365 992 μέλας
393 944 527 981 ortum
554 945 754 996 putemus,
785 937 923 982 obstat
943 937 1051 982 haec
1078 940 1187 983 ratio
1212 939 1322 995 quod
1351 940 1510 983 nullum

36 1003 159 1048 mile
193 1004 366 1050 verbum
403 1004 457 1049 ab
494 1004 699 1062 adjectivo
738 1006 966 1063 profectum
1002 1006 1204 1050 videmus.
1264 1005 1357 1058 Quo
1387 1021 1512 1065 quum

54 1071 199 1117 'cedat
218 1072 543 1131 antepenultima
570 1072 725 1124 brevis,
754 1074 899 1118 nescio
925 1086 978 1117 an
1002 1073 1314 1117 assentiendum
1343 1076 1397 1119 sit
1410 1075 1510 1120 Pto-

37 1151 186 1184 maeo
204 1139 501 1198 diphthongum
515 1139 634 1184 verbi
648 1139 843 1195 μελαίνω
861 1147 1113 1185 attenuatum
1128 1155 1238 1193 esse,
1270 1144 1350 1186 etsi
1370 1157 1512 1188 exem·

34 1227 48 1251 a
64 1218 132 1250 um
149 1205 270 1264 huJus
289 1206 466 1266 ellipsis,
496 1207 608 1265 quod
627 1207 818 1252 omnibus
842 1208 965 1253 fidem
981 1209 1123 1262 faciat,
1152 1209 1309 1254 nullum
1330 1211 1510 1270 proferri

34 1268 166 1335 3·ssit.
225 1273 314 1319 Sed
353 1275 700 1334 deprehendimus
741 1278 784 1320 in
819 1275 900 1321 hoc
938 1291 1111 1321 numero
1146 1277 1261 1322 aliud
1292 1279 1509 1336 singulare

25 1335 50 1359 ‘
93 1344 318 1400 unigenum
348 1341 533 1388 κυδάνω.
591 1341 706 1388 Idem
745 1346 855 1388 enim
895 1358 922 1389 a
955 1347 1122 1390 nomine
1164 1346 1393 1391 derivatum
1433 1355 1510 1400 est,

26 1408 116 1474 ''t-⁶11,
145 1418 190 1455 ut
207 1418 362 1463 cetera,
390 1424 418 1456 a
436 1410 580 1456 verbo.
631 1409 804 1467 Ἠχάνω
823 1412 928 1456 nihil
951 1414 1116 1471 quidem
1138 1416 1275 1470 magis
1296 1415 1510 1459 finitimum

185 1492 310 1537 quam
335 1492 487 1524 nomen
515 1475 645 1538 ἀχήν,
683 1493 763 1525 nec
798 1488 939 1525 tamen
976 1482 1029 1525 ab
1060 1496 1111 1526 eo
1149 1482 1378 1527 derivatum
1412 1497 1510 1528 esse

19 1553 176 1599 test3
208 1560 283 1605 pro
307 1542 518 1606 Ἠρέτανε
544 1543 707 1604 ἤλαυνε
737 1548 817 1606 τὴν
844 1551 951 1593 ναῦν
968 1548 1068 1593 Hes.
1099 1550 1241 1594 facilis
1272 1550 1384 1594 subit
1416 1565 1511 1595 cor-

38 1616 152 1670 ,ctio
184 1612 400 1673 ἦρέταινε,
428 1615 513 1658 nisi
544 1614 615 1657 ille
639 1622 703 1658 est
735 1617 917 1659 aoristus
948 1617 1138 1670 doricus3
1169 1617 1279 1675 quod
1307 1618 1418 1662 idem
1437 1632 1513 1663 ex-

20 1700 37 1719 ¹«
80 1683 170 1726 nmit
205 1679 487 1740 Φασγάνεται
525 1681 649 1740 ξίφει
678 1678 948 1741 ἀναιρεῖται,
988 1698 1074 1728 ιιοιι
1111 1698 1139 1729 a
1175 1684 1403 1744 φάσγανον
1432 1687 1511 1731 sed

18 1747 42 1803 ff·
96 1762 236 1808 unque
274 1762 301 1793 a
338 1746 497 1808 σφάζω
526 1750 792 1807 repetendum
828 1758 947 1809 put03
986 1766 1083 1796 nam
1113 1760 1157 1797 ut
1190 1752 1419 1811 κλαγγάνω
1454 1755 1510 1799 ab

73 1817 220 1875 λαγον,
250 1824 292 1861 et
319 1814 552 1874 κραγγάνω
582 1815 896 1874 (ἕγκραγγάνω)
927 1819 980 1863 ab
1011 1817 1208 1879 ἕκραγον,
1238 1822 1301 1866 sic
1331 1835 1358 1866 a
1384 1837 1512 1881 para·-

18 1885 246 1943 {ligmatico
278 1882 474 1944 ἔσφαγον
500 1885 675 1943 produci
703 1893 864 1943 poterat
898 1885 1136 1946 σφαγάνω,
1174 1888 1249 1932 sed
1275 1902 1328 1933 ne
1366 1890 1511 1935 brevis

18 1957 35 1984 ³>
61 1954 138 1998 =vi
165 1959 512 2012 praeponeretur,
551 1953 739 1998 adhibita
767 1961 834 1998 est
859 1955 1103 2000 metathesis
1139 1954 1366 2015 φασγάνω.
1424 1958 1508 2003 Pro

15 2011 375 2079 αυγανόμενον
403 2021 447 2064 in
461 2020 663 2066 Herodoti
690 2021 786 2065 loco
807 2035 914 2066 unus
943 2023 1132 2067 codicum
1152 2022 1510 2080 κραυγανόμενον

12 2212 99 2269 ὼ0ιί
127 2224 264 2268 simile
285 2225 451 2268 testatis
468 2228 767 2282 βρυχανῶμαι,
799 2226 1071 2280 decumanam
1089 2234 1166 2271 etc.
1225 2226 1386 2272 Infinito
1417 2243 1511 2273 cre-

6 2292 138 2341 brier
155 2298 220 2335 est
245 2291 482 2335 terminatio
515 2305 591 2348 per
619 2292 912 2375 diphthongum
932 2300 974 2337 et
1001 2294 1192 2339 omnibus
1210 2295 1300 2339 fere
1320 2297 1509 2353 partibus

6 2360 224 2406 ‘orationis
257 2365 377 2416 apta:
416 2355 617 2403 ἆλθαίνω
657 2358 707 2404 ἐκ
742 2363 822 2404 τοῦ
863 2360 1163 2418 πρωτοτύπου
1201 2359 1400 2422 ῥήματος
1427 2368 1509 2409 τοῦ

9 2422 172 2478 awa»,
203 2422 294 2486 ἀφ’
331 2443 385 2471 ου
413 2425 464 2471 τὸ
495 2421 665 2471 α’λθετο
694 2426 808 2471 Eust.
838 2427 936 2510 596,
964 2429 1034 2474 43.
1063 2430 1209 2486 τρέμω
1238 2429 1507 2489 τετρεμαίνω

9 2493 303 2554 ’παραγωγως
345 2493 489 2538 Schol.
528 2493 663 2539 Nubb.
705 2495 802 2539 294.
844 2491 937 2540 ἀπὸ
978 2499 1057 2541 τοῦ
1095 2494 1203 2552 ι’σχω
1246 2496 1413 2554 γίνεται
1455 2498 1506 2543 ’τὸ

4 2558 203 2621 ι’ῧσχαίνω
234 2561 310 2606 καὶ
336 2559 424 2607 ἀπ’
459 2558 596 2607 αὐτοῦ
625 2562 675 2607 τὸ
707 2561 871 2618 ἶσχανῶ
898 2562 1012 2608 Eust.
1029 2563 1153 2616 1302,
1181 2563 1252 2608 24.
1284 2563 1404 2623 κήδω
1431 2583 1510 2623 κη-

4 2629 171 2693 δαίνω,
202 2627 349 2686 κάγκω
381 2629 614 2687 καγκαίνω,
646 2631 814 2689 aliaque
843 2632 973 2676 multa
1000 2631 1045 2675 ll.
1076 2645 1136 2676 cc.
1158 2632 1328 2684 collata,
1359 2633 1508 2690 quibus

0 2695 222 2759 ammaim
261 2699 452 2742 eximitur
483 2698 644 2755 Judicio
680 2698 887 2744 Eustathii
924 2699 1050 2752 1306,
1079 2700 1147 2743 52.
1186 2702 1265 2744 τοῦ
1308 2700 1507 2759 νηφαίνω

0 2763 220 2824 ξιρήσεως
246 2764 309 2823 μὴ
331 2770 530 2825 φανερᾶς
559 2763 697 2825 ου’σης
724 2766 847 2822 ὅμως
877 2766 1073 2825 ἔμφασις
1102 2765 1267 2824 γίνεται
1287 2767 1332 2813 ἐν
1350 2771 1416 2827 τῷ
1433 2787 1505 2828 νη-

0 2831 203 2893 Ἰφευκτάς.
268 2831 411 2892 Neque
454 2837 584 2888 enim,
629 2838 729 2894 quia
766 2834 976 2897 γήρανσις
1016 2836 1167 2881 dicitur
1210 2843 1252 2880 et
1287 2833 1505 2891 νόσανσις,
