1728 3120
1643 88 1656 123 «ι

207 201 310 248 170
652 192 1124 238 DISSERTATIO
1166 195 1241 238 lX
1650 185 1660 226 ἶ

208 303 653 367 προκαταλαμβάνειν
672 305 787 359 cujus
806 305 893 348 alia
921 313 984 349 est
1005 306 1140 350 forma
1160 309 1557 364 καταφθατεισθαι
1561 310 1644 391 ⁴'⁸)·

217 377 346 419 Οόεῖν
376 372 554 421 πωλεῖν,
583 384 657 428 pro
686 384 765 427 quo
796 370 1016 429 Euripides
1044 372 1200 432 ἕξοὸᾷν
1230 372 1342 417 dixit.
1395 373 1574 422 Verbi‘
1555 392 1577 420 ε
1685 406 1693 423 ‹

210 448 335 486 testes
361 451 530 482 numero
557 451 679 494 quam
699 440 942 483 auctoritate
973 441 1191 496 graviores
1221 440 1350 484 citavi
1373 441 1435 485 ad
1441 441 1509 499 Aj.
1529 456 1588 498 p.
1685 432 1694 443 ⁰

208 509 371 551 Κυκεῖν
401 518 528 562 supra
556 506 600 547 in
628 506 864 562 suspicione
894 508 1036 562 posui3
1067 504 1429 564 διαρταμώμενος
1459 508 1630 552 semel

206 581 372 619 ventum
402 578 465 615 est
498 585 563 628 ap.
593 570 831 623 Philonem,
870 572 998 616 multo
1043 580 1263 630 superante
1303 573 1554 620 circumflexi
1580 589 1646 620 us

207 656 286 686 nec
324 639 648 684 commendatius
678 646 742 681 est
772 638 976 695 ἑρευνεῖν.
1034 639 1222 684 Aliorum
1256 640 1443 685 diversa
1455 641 1592 686 forma

207 722 371 753 versum
389 706 502 750 valet
524 708 560 748 si
576 705 741 762 quidem
761 719 812 748 ex
826 707 984 762 paucis,
1007 720 1113 762 quae
1132 714 1226 750 ante
1248 707 1394 752 oculos
1410 714 1526 760 sunt,
1541 721 1635 753 exe
1680 734 1682 739 <

204 778 286 834 plis
316 776 594 830 conjecturam
621 772 763 816 facere
798 773 864 815 fas
897 779 961 816 est
989 774 1119 832 γελᾷν
1148 780 1188 818 81
1211 777 1252 816 Γ
1249 775 1363 819 ελειν
1392 771 1584 828 λάμπειν
1654 797 1667 868 4·

204 846 306 887 Ιθεῖν
334 840 432 885 Hes.
464 838 631 884 αἰολεῖν
661 840 769 896 quod
788 839 908 883 Plato
937 840 1046 882 idem
1077 840 1314 896 significare
1343 843 1401 886 ait
1425 854 1479 885 ac
1505 840 1665 888 ποικί

205 912 317 961 λειν,
357 915 397 951 et
438 905 646 950 αἰολᾶται
683 908 737 964 τῇ
781 903 930 964 γνώμη
961 905 1153 963 Hippocr.
1195 921 1271 964 pro
1313 909 1535 954 πλανᾶται
1576 910 1613 952 si
1650 929 1652 944 ε

206 973 511 1031 Glossographi
527 970 852 1016 ἀπαιολεῖσθαι
867 975 1184 1030 interpretantur
1204 970 1626 1026 ἅπαπλανᾶσθαιμι
1630 974 1648 1014 ’-

204 1042 425 1100 Euripides
455 1041 601 1084 eodem
619 1039 830 1082 intellectu
858 1039 959 1082 dixit
978 1038 1228 1084 απαιολεῖν.
1285 1041 1388 1085 Alia
1415 1043 1577 1086 ratione
1601 1043 1661 1086 d

202 1112 339 1154 serunt
359 1106 617 1160 ἂντιτεχνεῖν
645 1113 686 1149 et
714 1103 1072 1160 ἇντιτεχνᾶσθαι,
1101 1120 1197 1150 nam
1225 1107 1331 1151 illud
1355 1106 1675 1188 parasyntheto⁴

204 1184 289 1228 est,
328 1175 408 1219 hoc
438 1173 670 1230 syntheton.
727 1171 833 1216 Hinc
868 1174 962 1230 ipsa
997 1186 1133 1217 rerum
1171 1176 1304 1218 series
1339 1188 1406 1218 me
1443 1176 1608 1221 deducit
1635 1174 1674 1221 i
1691 1196 1692 1199 ¹

203 1246 340 1289 locum
374 1241 604 1291 difficilem,
635 1253 754 1297 quem
778 1241 865 1295 Jam
897 1240 997 1283 olim
1027 1243 1203 1285 tractavi
1234 1242 1288 1285 ad
1317 1241 1468 1298 Phryn.
1497 1243 1595 1287 629.

200 1311 342 1356 verbis
366 1308 686 1367 parasynthetiS‚
717 1320 823 1364 quae
853 1307 1056 1351 interdum
1080 1308 1133 1351 ad
1160 1310 1492 1353 terminationem
1519 1263 1673 1371 simpli

204 1381 312 1422 cium
347 1377 555 1420 aberrant.
614 1373 659 1416 Ιιι
695 1370 1005 1433 ὅρνιθοθηρᾷν
1044 1388 1186 1418 omnes
1215 1374 1400 1420 Pollucis
1442 1375 1540 1420 libri
1579 1389 1673 1421 con:

204 1447 395 1495 sentiunt,
423 1455 558 1499 neque
587 1441 844 1484 addubitavit
871 1440 1110 1485 Meinekius
1142 1441 1255 1495 Gom.
1284 1440 1350 1485 Fr.
1379 1441 1471 1487 Vol.
1497 1442 1546 1486 Π.
1575 1443 1623 1486 Ρ.
1660 1446 1673 1491 ,ζ
1715 1472 1717 1474 -

200 1513 298 1556 369.
331 1510 406 1554 sed
426 1509 685 1566 λάγοθηρᾷν
710 1514 749 1550 et
778 1504 1121 1566 ὅνοματοθηρᾷν
1142 1522 1250 1552 nunc
1279 1509 1466 1554 codicum
1485 1523 1563 1567 ope
1581 1509 1675 1557 Sub
1709 1519 1714 1526 ”

202 1580 291 1622 lata
321 1583 435 1627 sunt3
462 1576 718 1633 φιλοθηρᾷν
735 1574 979 1617 Perizonius
997 1575 1178 1619 Aeliano
1209 1575 1366 1620 affinxit
1392 1577 1543 1630 invitm
1574 1572 1667 1622 ἆναζ

203 1644 472 1701 σιλλοκομᾷν
498 1643 542 1684 in
562 1640 772 1684 Plutarchi
806 1641 902 1684 loco
930 1642 974 1684 in
1003 1642 1107 1685 duas
1135 1649 1276 1699 partes
1305 1643 1525 1711 diremtum>
1547 1650 1656 1695 est
1672 1698 1676 1703 4

200 1712 311 1769 quod
342 1724 408 1767 ap.
439 1708 578 1752 Strab.
602 1707 679 1751 XI.
696 1707 793 1751 520.
824 1708 916 1751 cod.
945 1707 1058 1752 Med.
1089 1709 1262 1767 praebet
1287 1713 1571 1783 βραχυκομᾷν
1597 1724 1648 1768 pr
1654 1709 1672 1719 ’

199 1779 493 1835 βραχυκομεῖν
514 1777 792 1833 suspicionem
810 1782 946 1819 movet
966 1776 1196 1820 librarios·
1183 1790 1227 1820 111
1245 1780 1370 1822 haue
1364 1771 1534 1836 {partem
1555 1777 1682 1822 aber

200 1858 321 1888 rasse
354 1844 547 1900 saepius3
587 1843 662 1886 sed
693 1856 799 1900 quae
836 1842 943 1899 apud
981 1844 1122 1900 epicos
1154 1843 1354 1900 leguntur·
1382 1841 1610 1898 εὖκομόων
1635 1859 1682 1891 8

201 1909 492 1969 καρηκομόων
530 1910 750 1966 privilegio
789 1910 967 1965 quodam
1003 1912 1232 1968 participiis
1272 1911 1369 1956 dato
1404 1911 1627 1955 defendunt
1664 1969 1669 1971 4

198 1985 240 2021 ut
271 1974 556 2034 εὗρυκρείων,
595 1976 855 2033 δακρυχέων.
907 1972 1216 2032 (Ομοτροχόων
1255 1977 1454 2022 Manetho
1494 1978 1681 2026 fortass

199 2045 346 2088 sumsit
373 2056 424 2085 ex
447 2042 657 2086 homerico
686 2042 781 2085 loco
816 2041 886 2084 ubi
917 2041 1015 2084 olim
1046 2039 1388 2122 ἁματροχξίωντα
1415 2043 1691 2089 scribebam

198 2125 306 2154 nunc
335 2112 510 2154 divisum
531 2116 571 2151 ut
598 2107 735 2152 πάλιν
763 2104 1067 2166 τροπάασθαι.
1123 2106 1252 2152 Pro'
1227 2110 1545 2167 αμηχανέονιος
1565 2109 1710 2180 ἔρω-

199 2195 275 2229 τος
304 2176 483 2220 Theocr.
512 2174 623 2218 XIV
645 2175 713 2217 52.
752 2188 804 2217 ex
842 2174 960 2217 codd.
1000 2175 1210 2218 nonnullis
1250 2176 1469 2223 adnotatur
1504 2174 1711 2235 ἀμηχα-

198 2242 373 2295 νόεντος
402 2250 441 2286 et
471 2238 806 2297 ἄμηχανόοντος,
837 2242 945 2297 quod
976 2242 1029 2284 ad
1060 2238 1391 2298 ἆμηχανόωντες
1419 2244 1604 2296 inclinat,
1634 2252 1699 2297 81

198 2311 277 2354 hoc
307 2312 349 2353 in
379 2309 503 2353 Anth.
535 2316 574 2351 ct
605 2322 670 2365 ap.
701 2307 875 2365 Oppian.
905 2308 1079 2364 legitur,
1119 2309 1193 2352 sed
1224 2304 1453 2367 ἇμηχανέω
1482 2311 1688 2368 praetulit

197 2377 367 2423 Nonnus
398 2376 521 2420 Dion.
544 2374 636 2417 XL.
661 2374 728 2417 39.
761 2382 801 2418 et
829 2374 924 2418 Par.
954 2374 1008 2417 X.
1032 2376 1100 2418 21
1139 2372 1484 2434 Ἐρεβοδιφῶσιν
1511 2379 1555 2421 in
1585 2392 1672 2422 om-

198 2444 320 2487 nihus
353 2443 473 2487 libris
504 2441 799 2499 Aristophanis
829 2444 1022 2498 scriptum
1061 2449 1124 2486 est
1160 2443 1235 2486 sed
1265 2443 1372 2501 apud
1401 2443 1687 2489 Simocattam

200 2525 270 2567 pro
301 2511 646 2569 ἑρεβοὸιφῶντες
674 2511 717 2552 in
747 2509 906 2553 duobus
938 2507 1301 2566 ἓρεβοὸιφοῢντες
1327 2523 1364 2553 v.
1395 2509 1586 2555 Kuester.
1617 2511 1697 2568 adj?

290 2671 329 2713 8)
366 2671 455 2706 Cum
480 2671 542 2705 illo
574 2670 758 2715 conspirat
787 2672 826 2702 l
825 2670 930 2704 αέναι
952 2665 1098 2715 φθάσαι
1123 2681 1177 2703 >cu
1174 2671 1254 2712 vm,
1280 2680 1348 2715 pro
1372 2680 1444 2715 quo
1467 2665 1689 2717 κτήσασθαι

199 2726 428 2761 scribendum
460 2727 624 2770 videtur,
658 2737 740 2762 nam
773 2723 911 2771 φθάνει
946 2737 1129 2770 κτωμενος
1159 2725 1255 2761 idem
1277 2731 1332 2762 est
1364 2726 1462 2771 quod
1484 2739 1690 2775 προκατω-

147 2797 154 2803 ·
200 2785 243 2817 λιι
234 2780 320 2827 ιμβά
323 2795 387 2818 νει.
