1728 3120
321 183 427 229 GAP.
457 182 508 228 ΙΙ.
566 182 638 227 DE
667 182 868 228 VERBIS
898 181 1271 227 DENTALIBUS.
1438 184 1540 233 217

125 314 141 335 2
166 296 286 342 chius
313 298 607 356 interpretatur
635 297 874 353 ἐπιθυμεῖ,
910 311 1001 341 cum
1031 295 1238 352 γλίχομαι
1265 296 1358 354 plus
1389 297 1539 340 simili-

32 317 42 457 ι
153 366 206 409 is
225 363 354 408 habet
377 377 500 423 quam
521 377 614 409 cum
638 364 779 419 λείχω,
816 367 895 408 etsi
921 364 1002 409 hoc
1027 365 1212 421 ejusdem
1234 371 1297 408 est
1326 363 1536 415 familiae3

34 461 38 470 ·
90 446 94 448 ·
122 429 256 487 ’ζειν,
289 434 406 489 cujus
437 431 564 490 alpha
593 431 734 483 breve,
766 430 984 487 λιβάζειν,
1019 428 1253 485 στιβάζειν,
1283 430 1452 474 facilius
1485 431 1540 474 ad

31 473 102 594 ί
130 515 192 552 ς,
236 497 383 555 λίβος,
429 497 581 554 στίβος
617 499 854 542 referuntur
889 512 1013 556 quam
1052 498 1107 541 ad
1145 496 1347 552 σίνομαι,
1389 497 1539 554 λείβω,

76 564 235 622 είβω.
273 580 354 611 nec
387 564 559 622 μιγάζω
593 579 620 609 a
655 564 799 621 μίσγω
840 566 978 609 demta
1019 578 1208 610 consona
1237 565 1312 608 sed
1351 579 1378 608 a
1406 563 1541 621 μιγάς

30 598 120 723 gbl
148 633 350 678 adverbio
377 632 500 689 μίγα.
554 630 732 687 Εἷκάζω
764 633 818 676 ab
850 631 975 683 εἴκω,
1009 634 1126 689 cujus
1157 632 1292 676 solum
1322 639 1433 676 extat
1462 634 1540 675 im-

35 699 290 767 «perfectum,
324 700 631 757 significatione
664 701 873 757 discrepat
905 700 981 743 sed
1013 699 1309 757 diphthongum
1338 714 1422 744 non
1451 714 1540 743 mu-

34 749 125 832 {³1⁶⁸-
181 768 363 830 Additae
400 781 613 813 consonae
654 767 885 827 exemplum
916 780 1041 810 unum
1071 767 1244 825 praebet
1266 763 1541 820 πτωσκάζω,

51 829 176 893 Eque
210 837 255 879 in
297 849 379 880 uno
409 835 580 880 Homeri
618 835 714 878 loco
757 835 974 891 scriptum,
1017 847 1068 877 ex
1108 847 1190 890 quo
1229 833 1540 891 Glossographi

38 894 273 957 ‘flvmxdgco
298 903 512 961 proferunt
539 910 582 946 ut
606 902 706 946 olim
735 915 811 959 pro
838 901 914 944 illo
943 900 1206 955 vulgabatur.
1265 900 1328 944 De
1349 901 1434 944 alio
1465 901 1541 943 du-

29 962 156 1027 [flunt
182 968 278 1012 EM.
309 970 408 1022 795,
435 969 506 1013 43.
545 967 841 1028 φλεβάζοντες
867 965 1078 1025 βρύοντες
1112 963 1206 1010 ἀπὸ
1237 970 1318 1011 τοῦ
1358 967 1482 1024 φλέω
1511 964 1542 1025 ἢ

38 1030 144 1095 ,ὃπὸ
173 1039 437 1096 μεταφορᾶς
462 1039 552 1080 τῶν
580 1036 768 1094 φλεβῶν,
800 1034 877 1076 sed
904 1035 1032 1077 vincit
1059 1047 1224 1085 nomen,
1254 1047 1335 1091 quo
1365 1033 1541 1077 affluen-

27 1098 137 1148 flac
173 1110 215 1148 et
252 1104 550 1149 exuberantiae
593 1103 709 1146 notio
752 1100 1124 1158 comprehenditur.
1191 1099 1413 1155 Λιχμάζω
1456 1115 1541 1146 non

38 1170 206 1218 sstmtam
243 1183 336 1215 cum
371 1170 502 1226 λείχω
538 1168 891 1214 necessitudinem
931 1168 1058 1212 habet
1094 1175 1290 1226 quantam
1329 1181 1421 1211 cum
1449 1169 1542 1222 λιχ-

49 1235 174 1295 μάω,
210 1251 291 1283 nec
326 1251 426 1283 raro
461 1237 594 1283 verba
623 1237 833 1281 secundae
873 1237 1181 1292 conjugationis
1216 1236 1295 1279 huc
1326 1235 1542 1280 devertunt

1 1315 3 1318 ⁴
27 1299 230 1353 ιῧταλάω
247 1303 465 1360 σταλάζω,
497 1302 644 1349 οὗτάω
675 1301 863 1358 οὗτάζω,
893 1300 1094 1362 εἶλυφάω
1126 1300 1366 1361 εἶλυφάζω,
1395 1301 1542 1359 βιβάω

26 1401 30 1429 ÷
82 1369 234 1429 ιβάζω,
264 1371 410 1427 λοχάω
442 1370 627 1427 λοχάζω,
655 1369 811 1416 πελάω
842 1369 1036 1424 πελάζω,
1067 1366 1276 1426 ἇγάομαι,
1305 1366 1541 1425 ἆγάζομαι.

27 1439 44 1472 3⁸
91 1453 143 1485 ac
176 1442 250 1485 via
277 1446 499 1498 grassatur
526 1439 775 1484 Heraclides
802 1437 1008 1482 Eustathii
1048 1437 1296 1482 consiliator
1325 1439 1541 1482 assiduus:

0 1565 1 1571 ἵ
27 1510 162 1566 ’σιγῶ
189 1508 367 1566 σιγάζω,
400 1504 508 1552 ἀνιῶ
535 1503 715 1560 ἇνιάζω,
746 1503 903 1550 πελάω
930 1503 1110 1559 πελάζει)
1134 1505 1256 1556 1654,
1280 1506 1346 1548 17.
1378 1506 1428 1549 τὸ
1456 1508 1543 1561 βιῶ

47 1572 352 1632 «πρωτότυπόν
381 1574 475 1619 ἐστι
503 1577 582 1618 τοῦ
611 1572 753 1629 βιάζω
775 1573 899 1624 1089,
930 1574 969 1615 3.
1000 1571 1050 1615 τὸ
1082 1574 1216 1625 τεχνῶ
1246 1575 1326 1615 τοῦ
1353 1571 1543 1627 τεχνάζει»

51 1641 178 1695 Ῑῧω,
207 1641 278 1686 42.
317 1639 518 1700 τροχάζω
555 1640 604 1685 ἐκ
643 1643 722 1684 τοῦ
763 1638 938 1697 τροχάω
971 1639 1070 1690 905,
1100 1640 1168 1682 37.
1209 1639 1438 1696 eodemque
1473 1638 1545 1685 εὗ-

23 1707 192 1765 .υάζω,
221 1707 409 1763 σκιάζω,
440 1705 640 1762 σκεόάζω
667 1708 790 1758 1571,
824 1708 862 1750 1.
893 1714 933 1750 et
959 1706 1084 1757 1544,
1110 1705 1181 1749 42.
1212 1705 1442 1761 σκεπάζει),
1474 1711 1546 1763 βι-

49 1774 189 1835 βάζω,
218 1774 398 1831 πετάζω
416 1775 540 1827 1735,
559 1776 629 1819 30.
660 1788 833 1832 quorum
863 1774 1051 1818 ultimum
1085 1781 1254 1818 auctore
1288 1782 1415 1818 caret.
1466 1775 1545 1820 His

52 1841 152 1888 EM.
183 1843 299 1887 addit
329 1839 529 1897 ἅτιμάζω
558 1842 686 1899 παρὰ
714 1841 764 1886 τὸ
800 1839 957 1897 ἆτιμῶ.
1018 1841 1105 1885 Sed
1136 1850 1177 1885 et
1201 1841 1281 1886 hoc
1304 1845 1546 1899 paronymis

52 1911 322 1956 adnumerari
349 1917 484 1968 potest
515 1916 556 1953 et
585 1923 750 1960 eorum,
781 1923 889 1967 quae
918 1909 1167 1953 Heraclides
1196 1910 1406 1967 producit,
1444 1925 1545 1969 pars

47 1979 249 2024 maxima.
295 1976 463 2021 Causae
482 1985 617 2022 autem
632 1978 864 2022 variandae
880 1979 1185 2021 terminationis
1202 1980 1432 2034 excogitari
1448 1993 1547 2036 pos-

53 2053 150 2091 sunt
174 2047 335 2090 variae.
393 2044 575 2089 Primum
612 2045 816 2090 nonnulla
844 2045 1066 2090 verborum
1103 2058 1414 2102 paragogorum
1449 2061 1546 2104 sup-

47 2113 169 2173 plent
195 2114 330 2158 vicem
368 2115 605 2171 praesentis
637 2121 708 2157 aut
742 2127 951 2171 nunquam
986 2114 1132 2156 tentati
1171 2119 1241 2155 aut
1271 2114 1392 2157 citius
1423 2129 1547 2172 quam

23 2211 26 2213 v
53 2181 301 2226 inolevisset
330 2180 532 2226 derelicti.
593 2180 668 2226 Sic
688 2176 772 2239 'pro
799 2181 897 2231 κέω,
929 2181 1045 2236 cujus
1066 2181 1327 2238 participium
1357 2195 1454 2225 esse
1483 2185 1547 2226 vi-

33 2249 176 2294 ‘detur
205 2249 346 2300 κείων,
377 2251 421 2291 in
446 2262 566 2292 usum
593 2250 707 2292 venit
739 2246 896 2301 κεάζω,
926 2261 1001 2305 pro
1033 2245 1156 2305 ὂράω
1185 2244 1547 2305 (ἀποδιδράσκω)

20 2313 314 2376 χδρασκάζω,
342 2328 416 2374 pro
448 2312 616 2373 κρύβω,
650 2316 759 2373 quod
790 2317 833 2357 in
861 2317 1000 2373 priore
1028 2322 1146 2372 parte
1177 2317 1308 2370 attigi,
1340 2315 1545 2375 κρυβοὶζω

53 2382 156 2428 Hes.
195 2389 235 2427 et
274 2389 317 2426 ut
353 2382 553 2438 λακάζω,
594 2379 827 2440 ἇβροτάζω
861 2389 1131 2426 accesserunt
1163 2384 1332 2426 aoristis
1374 2382 1546 2435 ἔλακον,

20 2443 31 2509 ‚⁴
55 2446 303 2510 ἤμβροτον,
334 2452 397 2494 sic
426 2447 655 2504 ὅλισθάζω
688 2463 772 2494 non
802 2450 855 2493 ab
886 2446 1075 2502 ὅλισθος
1105 2451 1334 2493 derivatum
1370 2452 1446 2494 sed
1473 2466 1548 2495 au-

56 2517 302 2577 thypotacto
342 2515 514 2562 ὄλίσθω
555 2518 815 2562 substitutum
851 2518 1027 2562 videtur.
1092 2516 1396 2574 Nonnunquam
1434 2533 1548 2562 com-

19 2605 23 2610 ·
58 2585 225 2631 modum
253 2586 331 2630 fuit
358 2585 521 2638 verbis,
558 2599 664 2643 quae
700 2599 784 2630 non
825 2585 952 2629 facile
992 2585 1101 2628 ultra
1139 2585 1422 2642 imperfectum
1450 2600 1547 2644 pro-

18 2650 22 2659 ’
59 2653 256 2699 cederent
270 2660 311 2697 ut
326 2652 476 2703 στένω,
503 2652 669 2704 σκέπω,
701 2654 830 2709 σέβω,
861 2653 1088 2710 adJungere
1114 2651 1338 2696 mobiliora
1353 2651 1546 2707 στενάζω

24 2726 140 2778 [αθ.
198 2719 287 2765 Nec
325 2733 461 2778 pauca
495 2728 644 2778 poetae
674 2723 888 2766 variarunt
915 2721 983 2765 vel
1013 2722 1282 2764 necessitatis
1320 2734 1452 2765 causa
1478 2721 1547 2765 vel

35 2811 48 2839 f
61 2791 378 2836 commoditatis.
437 2791 595 2850 Quippe
625 2791 766 2836 verbis
795 2794 839 2835 in
859 2781 962 2846 {g}
992 2790 1260 2843 exeuntihuS‚
1292 2805 1463 2848 quorum
1493 2805 1546 2836 ea
