1728 3120
364 169 467 212 CAr.
499 166 544 210 V.
602 166 674 210 DE
710 166 908 211 VERBIS
939 164 1197 219 LlQUIDlS.
1433 167 1527 215 137

56 298 66 324 ,·
93 281 245 343 ,ὅρμοι
274 289 410 334 serta,
441 282 628 332 serviae,
666 281 843 325 alterum
876 278 982 338 εἴρω
1014 280 1129 330 dico,
1167 291 1275 336 quae
1304 277 1401 321 EM.
1431 279 1529 331 304,

85 358 91 365 ‘
145 351 305 410 spiritu·
325 349 523 393 distincta
552 355 667 406 putat
699 348 749 392 τὸ
793 346 923 406 εἴρω,
958 346 1034 392 ὅτε
1062 347 1143 402 μὲν
1172 347 1411 404 ψιλοῢται,
1451 361 1531 403 ση-

56 448 57 452 ,
82 419 86 422 ’
147 433 187 461 ει
215 415 265 460 τὸ
296 415 460 472 λέγειν,
490 414 567 460 ὅτε
593 415 642 460 δὲ
672 413 929 467 δασύνεται,
969 412 1018 458 τὸ
1051 411 1307 466 συνάπτειν,
1343 414 1420 457 sed
1447 412 1529 458 hoc

55 511 56 514 =
82 492 203 542 ‘aque
231 483 473 541 plerumque
498 496 582 527 non
614 485 823 539 aspiratur
853 489 894 526 et
909 481 1128 532 SeleucuS‚
1160 495 1282 538 quem
1310 483 1420 525 idem
1449 481 1530 526 hoc

55 570 125 611 '1⁷‘
164 558 405 603 antestatur,
435 548 582 606 εἴρειν,
612 552 756 608 inquit,
785 549 835 593 τὸ
866 549 1007 605 λέγειν
1037 544 1128 593 ἀπὸ
1159 551 1241 592 τοῦ
1270 548 1531 607 συνειρμένα

61 617 116 686 ,ι’
135 617 470 676 συνηρμοσμένα
500 616 716 673 λέγεσθαι
746 620 826 662 τοῦ
855 614 990 672 λόγου
1019 614 1074 659 τὰ
1100 614 1229 672 μέρη.
1288 615 1336 659 Id
1365 617 1530 673 quidem

39 686 228 737 tius
257 685 410 730 dictum
440 692 528 736 est3
568 685 644 728 sed
684 685 1029 728 deliberationem
1069 683 1189 726 affert
1219 683 1348 727 Gellii
1388 685 1530 742 dispu-

65 745 141 797 ἰο
169 752 221 796 de
250 753 391 809 prisco
420 753 666 809 imperativo
698 755 830 796 insece
868 753 957 795 sive
988 753 1157 805 inseque
1187 751 1242 794 ad
1270 751 1380 796 hunc
1407 751 1530 795 finem

35 839 39 866 ·.
80 819 240 864 ducta:
282 822 422 874 ipsum
451 821 558 862 illud
593 817 701 876 ἔπη,
735 820 847 874 quod
875 820 1081 873 siqnificat
1109 820 1237 861 verba
1265 826 1341 863 aut
1369 832 1529 869 versus,

163 888 334 931 aliunde
373 888 531 930 dictum
572 887 767 935 tradunt,
815 898 942 939 quam
982 882 1074 928 ἀπὸ
1107 887 1187 928 τοῦ
1224 884 1423 929 ἕπεσθαι
1455 887 1532 930 καὶ

62 996 71 1006 .,
82 958 198 1000 πεῖν.
255 955 417 998 Eadem
445 966 541 1007 erqo
573 955 741 996 ratione
774 954 941 1007 antiqui
969 954 1108 994 nostri
1137 954 1409 995 narrationes
1441 965 1530 996 ser-

36 1039 38 1057 ι
74 1032 261 1078 wnesque
301 1022 548 1064 iri-sectiones
587 1021 938 1073 appellitaverunt
973 1017 1127 1061 XVIII.
1149 1019 1190 1062 9.
1229 1032 1336 1076 quas
1372 1032 1529 1075 graece

35 1098 180 1134 cere
208 1100 430 1146 possumus
461 1087 602 1139 λέξεις
631 1083 865 1142 εἰρομένοις
891 1086 962 1129 vel
992 1084 1146 1143 εἱρμὸν
1175 1086 1335 1138 λέξεων
1365 1093 1406 1129 et
1428 1102 1531 1131 συν-

72 1159 197 1203 ἐιαν
233 1157 323 1200 sive
363 1151 620 1213 συνάφειαν.
678 1153 744 1197 Ac
779 1153 866 1196 fieri
910 1160 1046 1211 potest
1082 1161 1126 1196 ut
1157 1160 1322 1197 satores
1357 1154 1530 1210 linguae

35 1249 45 1254 >
66 1231 68 1236 “
123 1236 210 1268 una
237 1223 382 1267 radice
413 1221 632 1266 elicuerint
661 1220 766 1264 duos
800 1221 1015 1272 surculos,
1048 1219 1173 1265 ἕπειν
1205 1222 1300 1265 dico
1330 1222 1531 1265 medium-

50 1290 65 1302 ”’
156 1290 356 1335 ἕπεσθαι
393 1296 434 1333 et
474 1286 632 1333 ἅπτειν
673 1301 820 1346 apere,
842 1291 912 1344 ⁴¹)
950 1302 1122 1345 quorum
1162 1289 1337 1332 alterum
1374 1290 1419 1331 in
1448 1303 1532 1346 qua

90 1371 179 1402 um
207 1363 272 1401 est
299 1360 476 1414 regione
506 1357 706 1414 perstitit,
743 1355 919 1399 alterum
944 1356 1251 1412 significatione
1279 1356 1364 1400 alio
1394 1363 1532 1400 trans-

26 1414 65 1485 4'
82 1432 128 1470 ta
148 1426 192 1468 in
212 1422 358 1469 εἰπεῖν
386 1430 426 1468 et
457 1422 629 1468 ἐνέπειν
645 1424 900 1480 (insequere,
930 1424 1125 1479 inquere)
1156 1423 1259 1466 abiit
1288 1425 1395 1466 sicut
1424 1421 1531 1480 εἴρω

30 1491 134 1609 geo
165 1491 289 1536 aliter
317 1491 551 1536 declinatur
581 1496 703 1547 atque
735 1487 842 1547 εἴρω
874 1503 990 1542 sero,
1029 1491 1074 1533 id
1104 1498 1168 1533 est
1197 1497 1342 1542 necto,
1378 1493 1529 1547 plecto.

36 1589 38 1594 -
77 1573 128 1604 oc
158 1565 295 1603 autem
329 1558 453 1602 affine
485 1564 548 1600 est
576 1557 706 1601 verbo
739 1555 864 1608 εἴλω,
894 1571 992 1600 nam
1022 1557 1229 1612 disjuncta
1260 1564 1535 1601 conseruntur

25 1633 84 1673 ιιι
109 1632 408 1680 connectuntur
434 1626 694 1682 potissimum
723 1624 930 1688 vohrendo
963 1630 1004 1667 et
1032 1625 1264 1680 torquendo
1301 1623 1531 1681 eademque

28 1712 29 1715 ¹
50 1702 103 1741 st
129 1695 377 1741 vicissitudo
405 1694 623 1739 literarum
645 1684 691 1737 ἶ
708 1700 748 1736 et
778 1710 804 1750 ρ
834 1694 878 1735 in
900 1693 1137 1737 nominibus
1170 1693 1289 1749 γέλις
1318 1695 1407 1736 sive
1433 1695 1535 1738 σελ-

23 1761 114 1820 ’μίς
145 1762 190 1806 id
219 1769 284 1806 est
312 1759 453 1820 ὃρμιά
480 1775 519 1806 v.
550 1760 596 1804 C.
613 1759 662 1803 V.
694 1761 730 1816 ς.
750 1760 788 1803 1.
821 1767 861 1804 et
895 1761 1059 1819 μέρμις
1093 1758 1235 1818 σειρά,
1265 1760 1415 1818 quibus
1445 1775 1535 1805 om-

21 1829 162 1877 nibus
192 1828 462 1873 declarantur
485 1841 556 1872 res
587 1835 808 1871 consertae
834 1834 1130 1885 contortaeque
1170 1841 1327 1884 genere
1357 1828 1533 1880 similes,

35 1898 182 1958 §pecie
213 1897 422 1954 d1spares.
480 1893 635 1939 Verum
665 1894 743 1938 illa
778 1895 1030 1951 liquidarum
1059 1897 1308 1952 permutatio
1340 1897 1534 1940 admonet

55 1968 104 2008 'e
125 1963 246 2007 verbi
276 1961 407 2023 ἕρρω,
437 1962 490 2006 de
515 1976 596 2020 quo
626 1960 868 2005 Eustathius
883 1961 979 2012 756,
1006 1962 1075 2005 37.
1107 1959 1168 2013 (ὗς
1196 1961 1245 2006 τὸ
1277 1960 1427 2021 ἔρρετε
1457 1962 1534 2007 διὰ

24 1977 118 2081 ζῖο
148 2024 194 2077 ἶ
215 2023 396 2089 γλῶσσά
434 2031 502 2084 τίς
541 2046 654 2090 φησι
691 2030 980 2085 Καλλίμαχος
1017 2031 1148 2086 δηλοῖ
1190 2030 1236 2076 ἐν
1280 2033 1344 2089 τῷ
1383 2028 1532 2076 ἔλλετε

34 2091 280 2157 ῥασιιανίης
308 2095 442 2144 ὀλοὸν
469 2099 604 2156 γένος.
663 2097 742 2142 Hic
762 2097 998 2141 Ahrensius
1023 2098 1190 2154 quidem
1212 2097 1264 2141 de
1278 2096 1391 2143 Dial.
1408 2099 1532 2143 Aeol.

20 2164 136 2212 ’ΒΑ
177 2167 337 2211 dubitat
368 2179 423 2210 an
453 2165 610 2210 ἕλλατε
646 2165 913 2209 scribendum
945 2166 1019 2216 sit;
1059 2165 1135 2208 sed
1163 2163 1245 2208 hoc
1276 2164 1453 2218 ἕλλατε,
1492 2174 1535 2209 ιιι

40 2233 405 2280 aSchneidewino
432 2233 537 2277 scite
567 2235 610 2276 in
632 2232 863 2276 Simonidis
892 2231 988 2275 loco
1021 2233 1254 2275 restitutum
1284 2240 1348 2276 est
1378 2248 1417 2291 p.
1435 2233 1531 2277 104.

19 2303 270 2358 ⁴meritoque
307 2299 508 2358 probatur
539 2298 734 2343 Heckero
769 2300 814 2341 in
853 2296 1078 2342 Comment.
1110 2298 1276 2343 Gallim.
1305 2314 1344 2357 p.
1366 2301 1434 2344 53.
1474 2303 1535 2345 ita

20 2368 152 2412 ¹idem
177 2370 244 2412 vir
273 2368 540 2412 doctissimus
572 2367 615 2410 id
645 2366 776 2410 noluit
808 2365 863 2408 ad
891 2365 1000 2409 hunc
1019 2365 1270 2410 Callimachi
1299 2369 1532 2420 transferri,

26 2436 112 2506 'm
140 2437 232 2479 sine
260 2435 387 2480 dubio
412 2435 560 2480 fortius
593 2434 788 2492 quiddam
816 2435 952 2489 poscit
978 2446 1102 2490 quam
1127 2431 1254 2478 ἴλατε
1280 2435 1351 2478 vel
1380 2432 1533 2480 οὕλετε

19 2502 191 2548 ‘valete
249 2502 319 2546 Ab
347 2502 496 2548 eodem
527 2500 642 2562 ἓρρω
668 2500 766 2545 Sch.
788 2499 919 2544 Il.VI.
941 2499 1039 2544 348.
1075 2502 1274 2544 aoristum
1305 2499 1533 2560 ἀποέρσαι

131 2665 193 2710 41)
229 2664 290 2700 De
312 2664 499 2701 homerico
524 2662 649 2711 ἑάφθη
674 2667 780 2698 vetus
815 2661 884 2696 suit
912 2661 1169 2698 controversia
1203 2667 1321 2697 utrum
1355 2661 1402 2696 ab
1428 2658 1530 2697 ἅπτω

18 2705 261 2869 tuntum
289 2721 336 2757 sit
358 2732 406 2757 an
429 2720 475 2757 ab
495 2720 644 2767 ἕπομαι.
693 2719 766 2758 Qui
788 2729 856 2764 pro
878 2716 1011 2764 ἐβλάβη
1036 2724 1268 2766 acceperunt,
1294 2718 1398 2756 verbi
1419 2716 1531 2765 ὶάψαι

73 2788 121 2817 ve
147 2780 236 2826 ἴψαι
260 2775 564 2826 significationem
590 2776 735 2823 sequuti
760 2781 853 2812 sunt.

32 2915 53 2931 fi
121 2923 123 2926 .
