1708 3126
205 223 264 267 14
676 213 1143 258 DISSERTATIO
1186 215 1214 259 Ι.

202 328 404 372 hirudinis
424 330 491 378 2¹)
522 327 610 369 sive
638 327 922 381 sanguisugae
955 338 1105 370 nomen
1133 325 1299 377 Βλέτυς
1325 323 1351 381 ἦ
1382 324 1546 380 βδέλλα
1573 326 1672 371 Hes..

202 409 297 439 nam
322 390 532 448 βδάλλειν
559 398 600 434 et
625 391 815 446 βλίττειν
844 405 1077 448 synonyma
1107 399 1200 436 sunt
1217 396 1281 444 ²²)
1313 398 1352 435 et
1381 399 1424 436 ut
1452 388 1548 444 ἴτυς
1577 389 1666 438 ἀπο

201 464 278 506 τοῦ
307 458 362 503 ἴω
391 458 553 514 Didym.
593 458 648 501 ad
674 454 771 501 Hes.
802 456 916 502 Scut.
940 459 1036 502 314.
1067 466 1108 502 et
1140 456 1287 510 κλιτῦς
1314 471 1342 502 a
1371 456 1480 504 κλίω
1506 458 1676 516 (xum)

202 530 265 571 sic
296 539 323 569 a
348 524 465 581 βλέω
495 525 677 568 derivari
717 526 845 581 potuit
870 525 1024 580 βλέτυς
1053 527 1141 570 sive
1170 523 1336 580 βλετύς.
1365 549 1416 559 -
1446 525 1549 570 Δέω
1577 525 1676 570 τέο·-

201 610 319 652 σαρα
349 589 573 648 σημαίνει,
613 589 662 633 τὸ
704 589 920 646 δεσμεύω,
956 591 1006 635 τὸ
1038 593 1268 646 φοβοῦμαι
1297 590 1347 643 ἐξ
1381 584 1434 636 οὗ
1463 591 1584 643 δέος,
1621 591 1670 635 τὸ

201 659 364 716 πρέπω
393 657 441 709 ἐξ
469 650 520 700 οὗ
550 657 619 700 δεῖ
647 656 824 713 πρέπει,
855 656 904 700 τὸ
935 655 1116 702 ἱκετεύω
1144 656 1240 700 ΕΜ.
1269 657 1367 708 350,
1396 658 1464 702 39.
1497 658 1572 702 sed
1600 670 1672 715 pro

200 725 383 771 secundo
423 729 631 780 receptum
669 730 732 766 est
770 722 851 767 δίω
889 721 1035 767 δείδω.
1093 723 1226 767 Idem:
1277 725 1353 766 Θῶ
1389 722 1594 781 σημαίνει
1623 722 1672 767 τὰ

201 791 374 848 τίθημι,
407 789 455 833 τὸ
488 788 626 846 τρέχω
645 788 720 832 καὶ
749 789 799 832 τὸ
828 789 981 844 βλέπω
996 786 1152 848 ’Έργα
1180 791 1328 840 θέον,
1360 792 1476 847 cujus
1498 791 1674 847 exempli

202 866 345 902 auctor
373 858 607 911 incognitus
640 856 717 899 sed
751 855 1006 913 subscriptor
1043 864 1103 900 est
1125 856 1360 913 Hesychius
1389 856 1675 902 Καταθέοιτο

200 925 378 981 βλέποι,
407 929 502 980 post
529 922 637 978 quod
659 935 741 966 uno
773 924 1015 980 interposito
1042 924 1215 968 articulo
1236 925 1498 982 καταθεῷτο
1526 923 1677 979 legitur

203 1005 279 1035 suo
309 997 521 1046 utrumque
560 989 668 1032 loco.
728 987 868 1032 Prima
907 990 1155 1046 significatio
1193 990 1391 1048 probatur
1423 988 1565 1033 verbis
1601 989 1677 1034 ho·

201 1058 369 1102 mericis
398 1055 650 1113 προθὲουσι
679 1062 719 1099 et
747 1059 883 1108 τιθεῖ,
914 1057 1097 1100 secunda
1112 1056 1370 1114 probationis
1398 1069 1482 1099 non
1504 1055 1676 1111 indiget.

181 1116 411 1183 “Θρέομαι
446 1124 581 1178 poetis
617 1129 873 1166 reservatum
913 1130 953 1166 et
987 1123 1084 1167 huic
1117 1126 1185 1166 uni
1219 1123 1393 1180 tempori
1436 1122 1676 1166 adstrictum
1707 1170 1708 1182 χ

202 1197 266 1234 est
290 1188 536 1233 succedente
565 1190 607 1230 in
635 1190 768 1232 vicem
797 1190 984 1234 derivato
1013 1189 1179 1245 θροέω.
1237 1188 1375 1232 Verbo
1409 1188 1506 1239 κέω,
1537 1201 1561 1231 e
1594 1201 1676 1245 quo
1707 1202 1708 1205 ¹

203 1251 457 1313 κεῖμαιῬει·
486 1255 688 1311 ambages
718 1255 943 1307 deducitur,
975 1256 1224 1314 Apollonius
1262 1268 1363 1299 usus
1391 1260 1455 1298 est
1484 1255 1536 1298 de
1572 1255 1676 1299 Adv.

200 1323 298 1366 553.
329 1322 530 1366 adversus
560 1335 636 1366 eos
665 1321 878 1378 disputans
908 1324 978 1379 qui
1009 1319 1149 1367 ἀκέων
1176 1323 1435 1380 participium
1462 1334 1559 1364 esse
1589 1328 1677 1365 sta-

199 1396 361 1433 tuerent
397 1388 515 1432 verbi
552 1385 670 1432 ἇκὲω
701 1413 749 1421 -
791 1385 889 1432 ἀλλ’
936 1386 1180 1434 ἀσύστατον
1214 1387 1263 1432 τὸ
1302 1387 1444 1447 ῥῆμα·
1491 1386 1678 1444 βαρυνό-

197 1474 310 1513 μενοι
347 1456 430 1514 γὰρ
468 1454 550 1501 οὐκ
588 1454 705 1501 ἔστιν
744 1454 981 1516 ἐπινοῆσαι
1018 1455 1134 1515 ὑπὲρ
1177 1455 1257 1500 δύο
1294 1455 1518 1511 συλλαβὰς
1555 1459 1618 1515 τῷ
1655 1448 1678 1501 Ξ

199 1522 574 1580 παρεδρευόμενα,
606 1521 850 1579 δισύλλαβα
876 1524 1027 1579 μέντοι
1057 1523 1159 1581 ῥέω,
1189 1521 1288 1567 κὲω.
1346 1521 1432 1565 Sed
1458 1523 1598 1567 dubito
1621 1536 1678 1567 an

199 1593 250 1642 is,
281 1603 401 1646 quum
429 1591 584 1632 usitata
609 1589 685 1632 sub
707 1603 871 1633 manum
899 1597 1059 1642 essent,
1099 1589 1220 1634 πνέω
1248 1588 1316 1633 vel
1351 1589 1515 1646 quidvis
1539 1584 1676 1647 potius
1705 1648 1708 1649 ⁷

199 1670 323 1713 quam
356 1655 441 1700 κέω
470 1657 672 1712 posuerit,
710 1658 825 1711 cujus
863 1658 1121 1713 participium
1148 1656 1269 1700 modo
1305 1654 1416 1700 κέων
1453 1656 1560 1713 apud
1589 1654 1708 1699 lio-³

199 1736 355 1766 merum
383 1723 589 1766 invenitur
611 1729 650 1764 et
671 1723 937 1779 imperativus
954 1720 1110 1778 Κάκκη
1134 1719 1328 1766 κάθευδε
1341 1719 1561 1774 Λάκωνες
1574 1721 1674 1766 Hes.

200 1790 243 1832 id
273 1795 336 1832 est
365 1787 553 1832 κατάκεε
582 1796 624 1831 ut
651 1788 828 1831 Vossius
855 1791 1084 1845 perspexit3
1118 1790 1287 1846 saepius
1314 1780 1417 1832 vero
1445 1787 1549 1833 κείω
1567 1789 1675 1845 legi-

197 1863 263 1898 tur
291 1861 331 1897 et
359 1852 548 1898 κακκείω
566 1858 631 1906 2³)
666 1868 755 1897 cum
787 1857 943 1898 aoristo
973 1858 1081 1898 Κεῖε
1109 1855 1308 1912 τέθνηκε,
1339 1857 1474 1898 Κεῖαι
1501 1856 1551 1899 τὸ
1582 1873 1678 1900 κοι-

196 1922 399 1978 μηθῆναι
429 1919 527 1963 Hes.
562 1934 595 1963 s.
623 1918 903 1978 Ὀρεσκιροις.
961 1920 1147 1964 Medium
1180 1922 1340 1974 κεὀμαι
1366 1921 1575 1966 familiare
1612 1930 1676 1966 est

199 1985 470 2043 scriptoribus
500 1988 671 2038 ionicis,
710 2001 787 2030 nec
826 1987 1006 2031 alienum
1048 1990 1230 2032 sermoni
1263 1989 1394 2046 epico.
1451 1987 1552 2033 Alio
1580 2003 1676 2047 per-

289 2178 349 2222 21)
378 2177 430 2213 Ut
451 2190 474 2214 a
498 2184 593 2213 testu
616 2178 774 2222 testudo,
798 2179 849 2213 sic
868 2178 938 2214 hoc
961 2178 1119 2214 fortasse
1145 2178 1191 2214 ab
1215 2174 1294 2225 εἶαρ
1320 2178 1422 2223 quasi
1447 2156 1672 2226 εῒαροπιῦτις.

289 2256 350 2300 22)
376 2256 458 2292 Nic.
476 2257 537 2292 Al.
554 2255 634 2292 506.
662 2257 814 2301 pssum
834 2254 1086 2304 ἀμελγόμεναι
1103 2256 1218 2305 χροὸς
1241 2252 1334 2303 αἷμα
1351 2257 1474 2292 Schol.
1499 2255 1581 2293 ἀντὶ
1608 2259 1672 2294 τοῦ

198 2315 384 2354 πιέζουσαι
404 2312 441 2347 id
466 2319 522 2348 est
545 2315 740 2358 θλίβουσαι
759 2313 838 2349 sive
862 2315 1080 2357 βλίττουσαι.
1134 2314 1184 2349 Et
1199 2313 1375 2360 ἀμέλγειν
1398 2324 1472 2348 non
1491 2313 1607 2348 solum
1625 2314 1672 2348 de

198 2372 292 2405 lacte
322 2369 449 2404 dicitur
479 2369 546 2404 sed
585 2370 692 2405 etiam
723 2370 769 2405 de
803 2370 911 2404 melle
942 2372 1064 2418 κηρῶν
1095 2372 1180 2418 μέλι
1211 2368 1349 2406 πολλὸν
1375 2367 1533 2415 ἀμέλξεις
1555 2369 1592 2404 id
1616 2374 1672 2404 est

196 2428 323 2470 βλίσας
345 2424 452 2460 Anth.
474 2424 538 2461 v1.
562 2425 642 2461 329.

286 2503 347 2547 23)
371 2505 470 2538 Κείω
493 2506 673 2549 μέλλοντα
698 2503 764 2540 οὐκ
789 2504 862 2550 ἔχει
885 2502 1003 2551 ὥςπερ
1033 2505 1094 2539 καὶ
1117 2502 1159 2539 πὶ
1188 2499 1279 2538 ι’ίλλα
1307 2499 1436 2548 ὅμοια,
1459 2500 1516 2536 διὸ
1534 2502 1670 2549 χρᾶται

195 2563 244 2604 τῷ
271 2560 438 2596 ἐνεστῶτι
471 2560 553 2597 ἀντὶ
576 2562 640 2597 τοῦ
673 2562 870 2605 μέλλοντος
892 2560 1015 2596 Schol.
1038 2557 1109 2596 od.
1135 2558 1196 2594 ΠΙ.
1222 2558 1302 2595 396.
1354 2557 1492 2593 Cetera
1517 2557 1670 2593 similia

197 2617 281 2651 dicit
311 2627 356 2650 ea
381 2627 473 2660 quae
499 2618 573 2652 iota
595 2617 820 2652 invecticium
842 2616 976 2651 habent
1002 2621 1041 2650 ut
1066 2618 1194 2660 πνείω,
1219 2617 1326 2650 κλείω
1357 2613 1538 2659 (celebro)
1566 2612 1668 2658 cujus

197 2672 350 2706 futurum
366 2672 506 2716 quidem
531 2678 587 2708 est
608 2670 740 2720 κλῄσω,
767 2683 841 2707 non
865 2675 995 2707 κλείσω
1017 2676 1055 2705 ut
1079 2671 1114 2705 in
1142 2670 1246 2706 codd.
1264 2669 1388 2715 Apoll.
1406 2670 1492 2715 Arg.
1507 2668 1569 2705 111.
1586 2667 1666 2705 993.

199 2728 344 2773 legitur,
377 2728 444 2762 sed
479 2729 628 2764 verbale
652 2725 788 2767 κλειτός
811 2733 848 2762 ut
871 2724 985 2776 ῥειιός
1007 2738 1041 2762 ν.
1065 2726 1202 2761 Parall.
1227 2738 1263 2772 p.
1290 2725 1369 2761 350.
1407 2723 1555 2763 ‘'Ynmn'
1577 2738 1668 2762 κακ-

199 2787 356 2824 κείοντες
377 2784 599 2830 Apollinaris
622 2784 684 2820 Ps.
710 2782 861 2820 Lxxv.
887 2783 917 2819 9.
941 2783 1145 2828 praesentis
1171 2783 1254 2818 loco
1278 2782 1474 2828 usurpavit.
