<?xml version="1.0" encoding="UTF-8"?>
<!DOCTYPE html PUBLIC "-//W3C//DTD XHTML 1.0 Transitional//EN"
    "http://www.w3.org/TR/xhtml1/DTD/xhtml1-transitional.dtd">
<html xmlns="http://www.w3.org/1999/xhtml" xml:lang="en" lang="en">
 <head>
  <title>
</title>
<meta http-equiv="Content-Type" content="text/html;charset=utf-8" />
  <meta name='ocr-system' content='tesseract 3.04.00' />
  <meta name='ocr-capabilities' content='ocr_page ocr_carea ocr_par ocr_line ocrx_word'/>
</head>
<body>
  <div class='ocr_page' id='page_1' title='image "./rhematikonsiveve00lobeuoft_0354.png"; bbox 0 0 1728 3120; ppageno 0'>
   <div class='ocr_carea' id='block_1_1' title="bbox 237 127 1269 218">
    <p class='ocr_par' dir='ltr' id='par_1_1' title="bbox 237 127 1269 218">
     <span class='ocr_line' id='line_1_1' title="bbox 237 127 1269 218; baseline -0.001 -7"><span class='ocrx_word' id='word_1_1' title='bbox 237 172 335 218; x_wconf 82' lang='lat'><em>336</em></span> <span class='ocrx_word' id='word_1_2' title='bbox 671 164 1127 210; x_wconf 88' lang='lat' dir='ltr'><strong>DISSERTATIO</strong></span> <span class='ocrx_word' id='word_1_3' title='bbox 1171 127 1269 210; x_wconf 78' lang='lat' dir='ltr'><em>XX.</em></span> 
     </span>
    </p>
   </div>
   <div class='ocr_carea' id='block_1_2' title="bbox 217 274 1728 2272">
    <p class='ocr_par' dir='ltr' id='par_1_2' title="bbox 217 274 1728 2272">
     <span class='ocr_line' id='line_1_2' title="bbox 236 274 1677 337; baseline 0.003 -15"><span class='ocrx_word' id='word_1_4' title='bbox 236 281 282 324; x_wconf 90' lang='lat' dir='ltr'><em>ll.</em></span> <span class='ocrx_word' id='word_1_5' title='bbox 310 278 376 322; x_wconf 89' lang='lat' dir='ltr'><em>IV.</em></span> <span class='ocrx_word' id='word_1_6' title='bbox 407 277 502 321; x_wconf 78' lang='lat'><strong>343.</strong></span> <span class='ocrx_word' id='word_1_7' title='bbox 543 277 708 335; x_wconf 80' lang='grc' dir='ltr'><em>πρώτω</em></span> <span class='ocrx_word' id='word_1_8' title='bbox 742 277 828 335; x_wconf 80' lang='grc' dir='ltr'><em>γὰρ</em></span> <span class='ocrx_word' id='word_1_9' title='bbox 862 277 937 322; x_wconf 82' lang='grc' dir='ltr'><em>καὶ</em></span> <span class='ocrx_word' id='word_1_10' title='bbox 975 277 1129 329; x_wconf 79' lang='grc' dir='ltr'><strong><em>δαιτὸς</em></strong></span> <span class='ocrx_word' id='word_1_11' title='bbox 1171 274 1677 337; x_wconf 57' lang='grc' dir='ltr'><strong><em>ἆκουάζεσθωμηέμεῖο-</em></strong></span> 
     </span>
     <span class='ocr_line' id='line_1_3' title="bbox 235 340 1678 406; baseline 0.003 -18"><span class='ocrx_word' id='word_1_12' title='bbox 235 345 377 389; x_wconf 87' lang='lat' dir='ltr'><em>Schol.</em></span> <span class='ocrx_word' id='word_1_13' title='bbox 408 346 632 401; x_wconf 73' lang='grc' dir='ltr'><em>τροπικῶς</em></span> <span class='ocrx_word' id='word_1_14' title='bbox 660 340 754 387; x_wconf 78' lang='grc' dir='ltr'><strong><em>ἀντὶ</em></strong></span> <span class='ocrx_word' id='word_1_15' title='bbox 782 347 860 388; x_wconf 82' lang='grc' dir='ltr'><em>τοῦ</em></span> <span class='ocrx_word' id='word_1_16' title='bbox 886 342 1237 397; x_wconf 77' lang='grc' dir='ltr'><strong><em>ἐπαισθάνεσθε,</em></strong></span> <span class='ocrx_word' id='word_1_17' title='bbox 1268 341 1561 406; x_wconf 62' lang='grc' dir='ltr'><strong><em>ἐπεὶὴἇκοὴ</em></strong></span> <span class='ocrx_word' id='word_1_18' title='bbox 1586 343 1678 393; x_wconf 81' lang='grc' dir='ltr'><strong><em>εἷὸό</em></strong></span> 
     </span>
     <span class='ocr_line' id='line_1_4' title="bbox 234 408 1704 467; baseline 0.001 -12"><span class='ocrx_word' id='word_1_19' title='bbox 234 413 351 456; x_wconf 74' lang='grc' dir='ltr'><strong><em>ἐστιν</em></strong></span> <span class='ocrx_word' id='word_1_20' title='bbox 382 408 650 467; x_wconf 82' lang='grc' dir='ltr'><strong><em>αἰσθήσεως,</em></strong></span> <span class='ocrx_word' id='word_1_21' title='bbox 683 411 759 454; x_wconf 90' lang='lat' dir='ltr'><em>sed</em></span> <span class='ocrx_word' id='word_1_22' title='bbox 789 411 994 454; x_wconf 88' lang='lat' dir='ltr'><em>sententia</em></span> <span class='ocrx_word' id='word_1_23' title='bbox 1017 410 1124 455; x_wconf 86' lang='lat' dir='ltr'><em>haec</em></span> <span class='ocrx_word' id='word_1_24' title='bbox 1153 418 1239 454; x_wconf 88' lang='lat' dir='ltr'><em>est:</em></span> <span class='ocrx_word' id='word_1_25' title='bbox 1269 424 1344 455; x_wconf 79' lang='lat' dir='ltr'><em>vos</em></span> <span class='ocrx_word' id='word_1_26' title='bbox 1366 414 1584 466; x_wconf 61' lang='lat' dir='ltr'><em>primiad</em></span> <span class='ocrx_word' id='word_1_27' title='bbox 1614 429 1704 459; x_wconf 83' lang='lat' dir='ltr'><em>coe-</em></span> 
     </span>
     <span class='ocr_line' id='line_1_5' title="bbox 234 478 1703 536; baseline 0.001 -14"><span class='ocrx_word' id='word_1_28' title='bbox 234 492 333 522; x_wconf 86' lang='lat' dir='ltr'><em>nam</em></span> <span class='ocrx_word' id='word_1_29' title='bbox 361 479 600 520; x_wconf 77' lang='lat' dir='ltr'><em>invitamini</em></span> <span class='ocrx_word' id='word_1_30' title='bbox 633 485 670 520; x_wconf 88' lang='lat' dir='ltr'><em>et</em></span> <span class='ocrx_word' id='word_1_31' title='bbox 703 480 991 521; x_wconf 81' lang='lat' dir='ltr'><em>invitationem</em></span> <span class='ocrx_word' id='word_1_32' title='bbox 1023 480 1224 532; x_wconf 81' lang='lat' dir='ltr'><em>accipitis,</em></span> <span class='ocrx_word' id='word_1_33' title='bbox 1256 478 1301 521; x_wconf 89' lang='lat' dir='ltr'><em>id</em></span> <span class='ocrx_word' id='word_1_34' title='bbox 1330 479 1440 536; x_wconf 84' lang='lat' dir='ltr'><em>quod</em></span> <span class='ocrx_word' id='word_1_35' title='bbox 1462 479 1703 525; x_wconf 67' lang='lat' dir='ltr'><em>Athenaeus</em></span> 
     </span>
     <span class='ocr_line' id='line_1_6' title="bbox 233 541 1705 601; baseline 0.001 -13"><span class='ocrx_word' id='word_1_36' title='bbox 233 547 334 589; x_wconf 81' lang='lat' dir='ltr'><em>dixit</em></span> <span class='ocrx_word' id='word_1_37' title='bbox 363 547 423 601; x_wconf 75' lang='grc' dir='ltr'><em>τῷ</em></span> <span class='ocrx_word' id='word_1_38' title='bbox 454 542 618 601; x_wconf 81' lang='grc' dir='ltr'><em>δείπνῳ</em></span> <span class='ocrx_word' id='word_1_39' title='bbox 649 541 911 596; x_wconf 73' lang='grc' dir='ltr'><strong><em>ὑπακούειν,</em></strong></span> <span class='ocrx_word' id='word_1_40' title='bbox 950 551 990 587; x_wconf 84' lang='lat' dir='ltr'><em>et</em></span> <span class='ocrx_word' id='word_1_41' title='bbox 1019 546 1082 588; x_wconf 86' lang='lat' dir='ltr'><em>sic</em></span> <span class='ocrx_word' id='word_1_42' title='bbox 1114 546 1238 588; x_wconf 82' lang='lat' dir='ltr'><em>etiam</em></span> <span class='ocrx_word' id='word_1_43' title='bbox 1267 545 1538 592; x_wconf 67' lang='lat' dir='ltr'><em>Aristarchus</em></span> <span class='ocrx_word' id='word_1_44' title='bbox 1564 549 1705 595; x_wconf 78' lang='lat' dir='ltr'><em>statuit</em></span> 
     </span>
     <span class='ocr_line' id='line_1_7' title="bbox 233 607 1706 668; baseline 0.001 -13"><span class='ocrx_word' id='word_1_45' title='bbox 233 613 307 656; x_wconf 89' lang='lat' dir='ltr'><em>sed</em></span> <span class='ocrx_word' id='word_1_46' title='bbox 342 611 527 654; x_wconf 84' lang='lat' dir='ltr'><em>adhibita</em></span> <span class='ocrx_word' id='word_1_47' title='bbox 561 611 700 667; x_wconf 88' lang='lat' dir='ltr'><em>ellipsi</em></span> <span class='ocrx_word' id='word_1_48' title='bbox 731 607 912 655; x_wconf 77' lang='grc' dir='ltr'><strong><em>ἀκούετέ</em></strong></span> <span class='ocrx_word' id='word_1_49' title='bbox 943 627 1030 665; x_wconf 86' lang='grc' dir='ltr'><em>μου</em></span> <span class='ocrx_word' id='word_1_50' title='bbox 1059 610 1164 668; x_wconf 81' lang='grc' dir='ltr'><strong><em>περὶ</em></strong></span> <span class='ocrx_word' id='word_1_51' title='bbox 1194 609 1358 662; x_wconf 77' lang='grc' dir='ltr'><strong><em>δαιτός.</em></strong></span> <span class='ocrx_word' id='word_1_52' title='bbox 1414 611 1514 656; x_wconf 76' lang='lat' dir='ltr'><em>Plus</em></span> <span class='ocrx_word' id='word_1_53' title='bbox 1542 613 1706 657; x_wconf 85' lang='lat' dir='ltr'><em>dubita-</em></span> 
     </span>
     <span class='ocr_line' id='line_1_8' title="bbox 232 673 1703 738; baseline 0.001 -16"><span class='ocrx_word' id='word_1_54' title='bbox 232 681 355 722; x_wconf 79' lang='lat' dir='ltr'><em>tionis</em></span> <span class='ocrx_word' id='word_1_55' title='bbox 385 677 510 720; x_wconf 86' lang='lat' dir='ltr'><em>habet</em></span> <span class='ocrx_word' id='word_1_56' title='bbox 531 676 607 720; x_wconf 90' lang='lat' dir='ltr'><em>Od.</em></span> <span class='ocrx_word' id='word_1_57' title='bbox 622 676 691 720; x_wconf 89' lang='lat' dir='ltr'><em>VI.</em></span> <span class='ocrx_word' id='word_1_58' title='bbox 718 678 811 720; x_wconf 75' lang='lat'>185.</span> <span class='ocrx_word' id='word_1_59' title='bbox 844 674 954 736; x_wconf 76' lang='grc' dir='ltr'><strong><em>ἀνὴρ</em></strong></span> <span class='ocrx_word' id='word_1_60' title='bbox 983 673 1063 736; x_wconf 77' lang='grc' dir='ltr'><em>ἠδὲ</em></span> <span class='ocrx_word' id='word_1_61' title='bbox 1091 676 1193 735; x_wconf 82' lang='grc' dir='ltr'><strong><em>γυνὴ</em></strong></span> <span class='ocrx_word' id='word_1_62' title='bbox 1222 675 1703 738; x_wconf 59' lang='grc' dir='ltr'><strong><em>ὁμοφρονέοντεωαρ-</em></strong></span> 
     </span>
     <span class='ocr_line' id='line_1_9' title="bbox 228 741 1704 805; baseline -0.002 -14"><span class='ocrx_word' id='word_1_63' title='bbox 228 745 419 801; x_wconf 68' lang='grc' dir='ltr'><strong><em>έχουσιν)</em></strong></span> <span class='ocrx_word' id='word_1_64' title='bbox 461 741 597 799; x_wconf 76' lang='grc' dir='ltr'><strong><em>ὄῖλγεα</em></strong></span> <span class='ocrx_word' id='word_1_65' title='bbox 634 744 932 797; x_wconf 79' lang='grc' dir='ltr'><strong><em>ὂυςμενέεσσι,</em></strong></span> <span class='ocrx_word' id='word_1_66' title='bbox 969 742 1174 800; x_wconf 82' lang='grc' dir='ltr'><em>χάρματα</em></span> <span class='ocrx_word' id='word_1_67' title='bbox 1221 742 1266 788; x_wconf 77' lang='grc' dir='ltr'><em>δ’</em></span> <span class='ocrx_word' id='word_1_68' title='bbox 1306 741 1578 805; x_wconf 76' lang='grc' dir='ltr'><strong><em>εὐμενέτῃσι,</em></strong></span> <span class='ocrx_word' id='word_1_69' title='bbox 1616 744 1704 800; x_wconf 75' lang='grc' dir='ltr'><em>μά·-</em></span> 
     </span>
     <span class='ocr_line' id='line_1_10' title="bbox 231 808 1703 868; baseline 0 -12"><span class='ocrx_word' id='word_1_70' title='bbox 231 815 359 856; x_wconf 79' lang='grc' dir='ltr'><strong><em>λιστα</em></strong></span> <span class='ocrx_word' id='word_1_71' title='bbox 393 812 441 856; x_wconf 80' lang='grc' dir='ltr'><em>δὲ</em></span> <span class='ocrx_word' id='word_1_72' title='bbox 487 809 639 855; x_wconf 70' lang='grc' dir='ltr'><strong><em>ἔκλυον</em></strong></span> <span class='ocrx_word' id='word_1_73' title='bbox 679 808 819 854; x_wconf 76' lang='grc' dir='ltr'><em>αὐτοί.</em></span> <span class='ocrx_word' id='word_1_74' title='bbox 879 811 956 855; x_wconf 84' lang='grc' dir='ltr'><em>Ηίο</em></span> <span class='ocrx_word' id='word_1_75' title='bbox 997 813 1104 854; x_wconf 89' lang='lat' dir='ltr'><em>enim</em></span> <span class='ocrx_word' id='word_1_76' title='bbox 1147 812 1328 868; x_wconf 86' lang='lat' dir='ltr'><em>apprime</em></span> <span class='ocrx_word' id='word_1_77' title='bbox 1368 813 1562 856; x_wconf 80' lang='lat' dir='ltr'><em>convenit</em></span> <span class='ocrx_word' id='word_1_78' title='bbox 1598 811 1703 856; x_wconf 69' lang='lat' dir='ltr'><em>illuit</em></span> 
     </span>
     <span class='ocr_line' id='line_1_11' title="bbox 230 874 1702 936; baseline 0 -14"><span class='ocrx_word' id='word_1_79' title='bbox 230 876 522 922; x_wconf 71' lang='grc' dir='ltr'><strong><em>αἰσθάνονται</em></strong></span> <span class='ocrx_word' id='word_1_80' title='bbox 561 877 634 921; x_wconf 83' lang='grc' dir='ltr'><em>καὶ</em></span> <span class='ocrx_word' id='word_1_81' title='bbox 672 874 971 927; x_wconf 78' lang='grc' dir='ltr'><strong><em>ἀπολαύουσι,</em></strong></span> <span class='ocrx_word' id='word_1_82' title='bbox 1010 878 1120 934; x_wconf 88' lang='lat' dir='ltr'><em>quod</em></span> <span class='ocrx_word' id='word_1_83' title='bbox 1159 885 1199 921; x_wconf 85' lang='lat' dir='ltr'><em>et</em></span> <span class='ocrx_word' id='word_1_84' title='bbox 1228 876 1463 922; x_wconf 85' lang='lat' dir='ltr'><em>Nitzschius</em></span> <span class='ocrx_word' id='word_1_85' title='bbox 1499 877 1702 936; x_wconf 80' lang='lat' dir='ltr'><em>probavit.</em></span> 
     </span>
     <span class='ocr_line' id='line_1_12' title="bbox 230 944 1702 1002; baseline 0.001 -14"><span class='ocrx_word' id='word_1_86' title='bbox 230 946 318 988; x_wconf 86' lang='lat' dir='ltr'><em>Sed</em></span> <span class='ocrx_word' id='word_1_87' title='bbox 354 959 437 988; x_wconf 90' lang='lat' dir='ltr'><em>non</em></span> <span class='ocrx_word' id='word_1_88' title='bbox 475 959 650 988; x_wconf 86' lang='lat' dir='ltr'><em>necesse</em></span> <span class='ocrx_word' id='word_1_89' title='bbox 688 952 750 988; x_wconf 84' lang='lat' dir='ltr'><em>est</em></span> <span class='ocrx_word' id='word_1_90' title='bbox 788 945 841 988; x_wconf 86' lang='lat' dir='ltr'><em>ad</em></span> <span class='ocrx_word' id='word_1_91' title='bbox 876 945 1131 1002; x_wconf 82' lang='lat' dir='ltr'><em>hypallagen</em></span> <span class='ocrx_word' id='word_1_92' title='bbox 1170 945 1409 1002; x_wconf 77' lang='lat' dir='ltr'><strong>confugere.</strong></span> <span class='ocrx_word' id='word_1_93' title='bbox 1465 944 1572 989; x_wconf 83' lang='lat' dir='ltr'><em>Nam</em></span> <span class='ocrx_word' id='word_1_94' title='bbox 1601 959 1702 990; x_wconf 83' lang='lat' dir='ltr'><em>con--</em></span> 
     </span>
     <span class='ocr_line' id='line_1_13' title="bbox 223 1011 1701 1069; baseline 0 -13"><span class='ocrx_word' id='word_1_95' title='bbox 223 1016 347 1069; x_wconf 81' lang='lat' dir='ltr'><em>juges</em></span> <span class='ocrx_word' id='word_1_96' title='bbox 374 1026 457 1056; x_wconf 88' lang='lat' dir='ltr'><em>non</em></span> <span class='ocrx_word' id='word_1_97' title='bbox 481 1012 614 1055; x_wconf 89' lang='lat' dir='ltr'><em>solum</em></span> <span class='ocrx_word' id='word_1_98' title='bbox 639 1014 766 1056; x_wconf 88' lang='lat' dir='ltr'><em>tacita</em></span> <span class='ocrx_word' id='word_1_99' title='bbox 789 1014 915 1055; x_wconf 88' lang='lat' dir='ltr'><em>mutui</em></span> <span class='ocrx_word' id='word_1_100' title='bbox 937 1014 1090 1056; x_wconf 86' lang='lat' dir='ltr'><em>amoris</em></span> <span class='ocrx_word' id='word_1_101' title='bbox 1117 1013 1376 1056; x_wconf 84' lang='lat' dir='ltr'><em>couscientia</em></span> <span class='ocrx_word' id='word_1_102' title='bbox 1402 1011 1611 1056; x_wconf 82' lang='lat' dir='ltr'><em>laetantur</em></span> <span class='ocrx_word' id='word_1_103' title='bbox 1625 1012 1701 1056; x_wconf 89' lang='lat' dir='ltr'><em>sed</em></span> 
     </span>
     <span class='ocr_line' id='line_1_14' title="bbox 227 1078 1702 1136; baseline 0.001 -13"><span class='ocrx_word' id='word_1_104' title='bbox 227 1083 353 1124; x_wconf 85' lang='lat' dir='ltr'><em>etiam</em></span> <span class='ocrx_word' id='word_1_105' title='bbox 392 1093 437 1122; x_wconf 90' lang='lat' dir='ltr'><em>se</em></span> <span class='ocrx_word' id='word_1_106' title='bbox 475 1082 651 1123; x_wconf 89' lang='lat' dir='ltr'><em>invicem</em></span> <span class='ocrx_word' id='word_1_107' title='bbox 687 1079 835 1123; x_wconf 87' lang='lat' dir='ltr'><em>felices</em></span> <span class='ocrx_word' id='word_1_108' title='bbox 876 1080 1118 1136; x_wconf 84' lang='lat' dir='ltr'><em>praedicant</em></span> <span class='ocrx_word' id='word_1_109' title='bbox 1157 1085 1196 1122; x_wconf 88' lang='lat' dir='ltr'><em>et</em></span> <span class='ocrx_word' id='word_1_110' title='bbox 1235 1078 1287 1122; x_wconf 90' lang='lat' dir='ltr'><em>ab</em></span> <span class='ocrx_word' id='word_1_111' title='bbox 1329 1078 1426 1122; x_wconf 84' lang='lat' dir='ltr'><em>aliis</em></span> <span class='ocrx_word' id='word_1_112' title='bbox 1464 1079 1702 1136; x_wconf 81' lang='lat' dir='ltr'><em>praedicari</em></span> 
     </span>
     <span class='ocr_line' id='line_1_15' title="bbox 228 1143 1700 1203; baseline 0.001 -13"><span class='ocrx_word' id='word_1_113' title='bbox 228 1148 407 1198; x_wconf 82' lang='lat' dir='ltr'><em>audiunt,</em></span> <span class='ocrx_word' id='word_1_114' title='bbox 431 1145 658 1203; x_wconf 80' lang='grc' dir='ltr'><strong><em>χαίροντες</em></strong></span> <span class='ocrx_word' id='word_1_115' title='bbox 690 1144 870 1190; x_wconf 84' lang='grc' dir='ltr'><strong><em>κλύουσι</em></strong></span> <span class='ocrx_word' id='word_1_116' title='bbox 887 1146 954 1190; x_wconf 88' lang='lat' dir='ltr'><em>vel</em></span> <span class='ocrx_word' id='word_1_117' title='bbox 980 1145 1186 1203; x_wconf 82' lang='grc' dir='ltr'><strong><em>χαίρουσι</em></strong></span> <span class='ocrx_word' id='word_1_118' title='bbox 1213 1143 1428 1196; x_wconf 73' lang='grc' dir='ltr'><strong><em>κλύοντες.</em></strong></span> <span class='ocrx_word' id='word_1_119' title='bbox 1484 1145 1600 1190; x_wconf 84' lang='lat' dir='ltr'><em>Haec</em></span> <span class='ocrx_word' id='word_1_120' title='bbox 1619 1148 1700 1202; x_wconf 81' lang='lat' dir='ltr'><em>igi--</em></span> 
     </span>
     <span class='ocr_line' id='line_1_16' title="bbox 226 1208 1699 1269; baseline 0 -12"><span class='ocrx_word' id='word_1_121' title='bbox 226 1222 291 1257; x_wconf 87' lang='lat' dir='ltr'><em>tur</em></span> <span class='ocrx_word' id='word_1_122' title='bbox 322 1220 415 1257; x_wconf 86' lang='lat' dir='ltr'><em>sunt</em></span> <span class='ocrx_word' id='word_1_123' title='bbox 443 1212 650 1269; x_wconf 82' lang='lat' dir='ltr'><em>exempla,</em></span> <span class='ocrx_word' id='word_1_124' title='bbox 681 1212 827 1269; x_wconf 91' lang='lat' dir='ltr'><em>quibus</em></span> <span class='ocrx_word' id='word_1_125' title='bbox 861 1211 1128 1255; x_wconf 85' lang='lat' dir='ltr'><em>Grammatici</em></span> <span class='ocrx_word' id='word_1_126' title='bbox 1159 1212 1325 1258; x_wconf 80' lang='lat' dir='ltr'><em>efficere</em></span> <span class='ocrx_word' id='word_1_127' title='bbox 1351 1219 1552 1258; x_wconf 78' lang='lat' dir='ltr'><em>conantur</em></span> <span class='ocrx_word' id='word_1_128' title='bbox 1580 1208 1699 1264; x_wconf 79' lang='grc' dir='ltr'><strong><em>εἶδος</em></strong></span> 
     </span>
     <span class='ocr_line' id='line_1_17' title="bbox 228 1278 1696 1336; baseline -0.001 -12"><span class='ocrx_word' id='word_1_129' title='bbox 228 1280 323 1325; x_wconf 75' lang='grc' dir='ltr'><strong><em>ἇντὶ</em></strong></span> <span class='ocrx_word' id='word_1_130' title='bbox 357 1279 507 1336; x_wconf 74' lang='grc' dir='ltr'><strong><em>γένους</em></strong></span> <span class='ocrx_word' id='word_1_131' title='bbox 545 1281 663 1335; x_wconf 88' lang='lat' dir='ltr'><em>poni,</em></span> <span class='ocrx_word' id='word_1_132' title='bbox 709 1279 823 1322; x_wconf 87' lang='lat' dir='ltr'><em>aliud</em></span> <span class='ocrx_word' id='word_1_133' title='bbox 864 1278 948 1322; x_wconf 88' lang='lat' dir='ltr'><em>alio</em></span> <span class='ocrx_word' id='word_1_134' title='bbox 987 1278 1198 1322; x_wconf 86' lang='lat' dir='ltr'><em>infirmius.</em></span> <span class='ocrx_word' id='word_1_135' title='bbox 1256 1278 1350 1326; x_wconf 86' lang='lat' dir='ltr'><em>Jam</em></span> <span class='ocrx_word' id='word_1_136' title='bbox 1387 1279 1603 1325; x_wconf 82' lang='lat' dir='ltr'><em>videamus</em></span> <span class='ocrx_word' id='word_1_137' title='bbox 1647 1280 1696 1323; x_wconf 87' lang='lat' dir='ltr'><em>de</em></span> 
     </span>
     <span class='ocr_line' id='line_1_18' title="bbox 226 1344 1698 1405; baseline -0.001 -14"><span class='ocrx_word' id='word_1_138' title='bbox 226 1349 361 1391; x_wconf 86' lang='lat' dir='ltr'><em>altera</em></span> <span class='ocrx_word' id='word_1_139' title='bbox 396 1347 515 1402; x_wconf 89' lang='lat' dir='ltr'><em>hujus</em></span> <span class='ocrx_word' id='word_1_140' title='bbox 554 1346 711 1402; x_wconf 83' lang='lat' dir='ltr'><em>figurae</em></span> <span class='ocrx_word' id='word_1_141' title='bbox 749 1347 902 1403; x_wconf 88' lang='lat' dir='ltr'><em>specie.</em></span> <span class='ocrx_word' id='word_1_142' title='bbox 960 1344 1089 1401; x_wconf 81' lang='lat' dir='ltr'><em>Igitur</em></span> <span class='ocrx_word' id='word_1_143' title='bbox 1125 1347 1169 1388; x_wconf 87' lang='lat' dir='ltr'><em>in</em></span> <span class='ocrx_word' id='word_1_144' title='bbox 1198 1345 1316 1389; x_wconf 83' lang='lat' dir='ltr'><em>Arat.</em></span> <span class='ocrx_word' id='word_1_145' title='bbox 1345 1344 1443 1389; x_wconf 81' lang='grc'><strong>405.</strong></span> <span class='ocrx_word' id='word_1_146' title='bbox 1479 1345 1698 1405; x_wconf 80' lang='grc' dir='ltr'><strong><em>θυτηρίου</em></strong></span> 
     </span>
     <span class='ocr_line' id='line_1_19' title="bbox 227 1409 1699 1471; baseline -0.001 -13"><span class='ocrx_word' id='word_1_147' title='bbox 227 1412 374 1470; x_wconf 83' lang='grc' dir='ltr'><strong><em>ὀλίγον</em></strong></span> <span class='ocrx_word' id='word_1_148' title='bbox 390 1414 470 1467; x_wconf 78' lang='grc' dir='ltr'><em>μὲν</em></span> <span class='ocrx_word' id='word_1_149' title='bbox 496 1410 571 1457; x_wconf 73' lang='grc' dir='ltr'><em>ἐπὶ</em></span> <span class='ocrx_word' id='word_1_150' title='bbox 584 1412 740 1470; x_wconf 89' lang='grc' dir='ltr'><strong><em>χρόνον</em></strong></span> <span class='ocrx_word' id='word_1_151' title='bbox 760 1409 915 1469; x_wconf 75' lang='grc' dir='ltr'><strong><em>ὑψόθ’</em></strong></span> <span class='ocrx_word' id='word_1_152' title='bbox 951 1409 1099 1463; x_wconf 74' lang='grc' dir='ltr'><strong><em>ἐόντος</em></strong></span> <span class='ocrx_word' id='word_1_153' title='bbox 1120 1409 1321 1462; x_wconf 80' lang='grc' dir='ltr'><strong><em>πεύσεαι,</em></strong></span> <span class='ocrx_word' id='word_1_154' title='bbox 1350 1425 1435 1456; x_wconf 86' lang='lat' dir='ltr'><em>non</em></span> <span class='ocrx_word' id='word_1_155' title='bbox 1451 1409 1563 1471; x_wconf 75' lang='grc' dir='ltr'><strong><em>εἴσῃ,</em></strong></span> <span class='ocrx_word' id='word_1_156' title='bbox 1590 1413 1699 1470; x_wconf 88' lang='lat' dir='ltr'><em>quod</em></span> 
     </span>
     <span class='ocr_line' id='line_1_20' title="bbox 224 1478 1728 1538; baseline 0 -14"><span class='ocrx_word' id='word_1_157' title='bbox 224 1485 450 1538; x_wconf 88' lang='lat' dir='ltr'><em>proximum</em></span> <span class='ocrx_word' id='word_1_158' title='bbox 475 1487 578 1532; x_wconf 85' lang='lat' dir='ltr'><em>erat,</em></span> <span class='ocrx_word' id='word_1_159' title='bbox 606 1480 674 1523; x_wconf 90' lang='lat' dir='ltr'><em>vel</em></span> <span class='ocrx_word' id='word_1_160' title='bbox 701 1480 844 1538; x_wconf 77' lang='grc' dir='ltr'><strong><em>γνώσῃ</em></strong></span> <span class='ocrx_word' id='word_1_161' title='bbox 874 1479 1114 1535; x_wconf 81' lang='lat' dir='ltr'><em>significari,</em></span> <span class='ocrx_word' id='word_1_162' title='bbox 1145 1482 1250 1523; x_wconf 90' lang='lat' dir='ltr'><em>sicut</em></span> <span class='ocrx_word' id='word_1_163' title='bbox 1273 1479 1537 1537; x_wconf 79' lang='lat' dir='ltr'><em>idempoeta</em></span> <span class='ocrx_word' id='word_1_164' title='bbox 1550 1478 1699 1524; x_wconf 85' lang='lat' dir='ltr'><em>stellas</em></span> <span class='ocrx_word' id='word_1_165' title='bbox 1727 1525 1728 1536; x_wconf 28' lang='lat'>2</span> 
     </span>
     <span class='ocr_line' id='line_1_21' title="bbox 224 1542 1699 1603; baseline 0 -13"><span class='ocrx_word' id='word_1_166' title='bbox 224 1547 558 1591; x_wconf 86' lang='lat' dir='ltr'><em>inobservabiles</em></span> <span class='ocrx_word' id='word_1_167' title='bbox 589 1542 820 1597; x_wconf 77' lang='grc' dir='ltr'><strong><em>ἀπευθέας</em></strong></span> <span class='ocrx_word' id='word_1_168' title='bbox 851 1547 950 1590; x_wconf 85' lang='lat' dir='ltr'><em>dixit</em></span> <span class='ocrx_word' id='word_1_169' title='bbox 980 1560 1017 1590; x_wconf 89' lang='lat' dir='ltr'><em>v.</em></span> <span class='ocrx_word' id='word_1_170' title='bbox 1042 1546 1138 1590; x_wconf 82' lang='grc'><strong>648.</strong></span> <span class='ocrx_word' id='word_1_171' title='bbox 1169 1546 1244 1590; x_wconf 89' lang='lat' dir='ltr'><em>sed</em></span> <span class='ocrx_word' id='word_1_172' title='bbox 1273 1559 1440 1590; x_wconf 83' lang='lat' dir='ltr'><em>sensum</em></span> <span class='ocrx_word' id='word_1_173' title='bbox 1468 1559 1542 1603; x_wconf 82' lang='lat' dir='ltr'><em>pro</em></span> <span class='ocrx_word' id='word_1_174' title='bbox 1572 1559 1699 1590; x_wconf 82' lang='lat' dir='ltr'><em>sensu</em></span> 
     </span>
     <span class='ocr_line' id='line_1_22' title="bbox 225 1609 1698 1672; baseline -0.001 -14"><span class='ocrx_word' id='word_1_175' title='bbox 225 1622 398 1658; x_wconf 87' lang='lat' dir='ltr'><em>sumtum</em></span> <span class='ocrx_word' id='word_1_176' title='bbox 423 1615 561 1658; x_wconf 88' lang='lat' dir='ltr'><em>dicunt</em></span> <span class='ocrx_word' id='word_1_177' title='bbox 584 1609 678 1658; x_wconf 76' lang='grc' dir='ltr'><strong><em>ἀντὶ</em></strong></span> <span class='ocrx_word' id='word_1_178' title='bbox 701 1616 778 1657; x_wconf 76' lang='grc' dir='ltr'><em>τοῦ</em></span> <span class='ocrx_word' id='word_1_179' title='bbox 795 1613 955 1672; x_wconf 78' lang='grc' dir='ltr'><strong><em>θεάσῃ,</em></strong></span> <span class='ocrx_word' id='word_1_180' title='bbox 986 1614 1095 1670; x_wconf 90' lang='lat' dir='ltr'><em>quod</em></span> <span class='ocrx_word' id='word_1_181' title='bbox 1112 1613 1354 1657; x_wconf 88' lang='lat' dir='ltr'><em>confirmare</em></span> <span class='ocrx_word' id='word_1_182' title='bbox 1371 1613 1532 1657; x_wconf 86' lang='lat' dir='ltr'><em>videtur</em></span> <span class='ocrx_word' id='word_1_183' title='bbox 1546 1613 1698 1658; x_wconf 85' lang='lat' dir='ltr'><em>Avieni</em></span> 
     </span>
     <span class='ocr_line' id='line_1_23' title="bbox 224 1682 1696 1739; baseline 0 -15"><span class='ocrx_word' id='word_1_184' title='bbox 224 1683 527 1739; x_wconf 81' lang='lat' dir='ltr'><em>interpretatio:</em></span> <span class='ocrx_word' id='word_1_185' title='bbox 568 1682 699 1724; x_wconf 82' lang='lat' dir='ltr'><em>Aram</em></span> <span class='ocrx_word' id='word_1_186' title='bbox 723 1683 826 1724; x_wconf 85' lang='lat' dir='ltr'><em>satis</em></span> <span class='ocrx_word' id='word_1_187' title='bbox 857 1687 972 1723; x_wconf 80' lang='lat' dir='ltr'><em>arcto</em></span> <span class='ocrx_word' id='word_1_188' title='bbox 1002 1687 1181 1734; x_wconf 79' lang='lat' dir='ltr'><em>tempore</em></span> <span class='ocrx_word' id='word_1_189' title='bbox 1210 1682 1408 1734; x_wconf 81' lang='lat' dir='ltr'><em>suspicies</em></span> <span class='ocrx_word' id='word_1_190' title='bbox 1437 1682 1592 1724; x_wconf 77' lang='lat' dir='ltr'><em>mundo</em></span> <span class='ocrx_word' id='word_1_191' title='bbox 1620 1694 1696 1724; x_wconf 77' lang='lat' dir='ltr'><em>ru—</em></span> 
     </span>
     <span class='ocr_line' id='line_1_24' title="bbox 224 1747 1696 1803; baseline -0.001 -12"><span class='ocrx_word' id='word_1_192' title='bbox 224 1751 367 1792; x_wconf 85' lang='lat' dir='ltr'><em>tilante</em></span> <span class='ocrx_word' id='word_1_193' title='bbox 406 1750 582 1803; x_wconf 81' lang='lat' dir='ltr'><em>referri,</em></span> <span class='ocrx_word' id='word_1_194' title='bbox 624 1747 700 1791; x_wconf 90' lang='lat' dir='ltr'><em>sed</em></span> <span class='ocrx_word' id='word_1_195' title='bbox 737 1750 1022 1791; x_wconf 86' lang='lat' dir='ltr'><em>necessarium</em></span> <span class='ocrx_word' id='word_1_196' title='bbox 1057 1760 1141 1790; x_wconf 89' lang='lat' dir='ltr'><em>non</em></span> <span class='ocrx_word' id='word_1_197' title='bbox 1178 1754 1262 1800; x_wconf 81' lang='lat' dir='ltr'><em>est3</em></span> <span class='ocrx_word' id='word_1_198' title='bbox 1301 1760 1398 1791; x_wconf 85' lang='lat' dir='ltr'><em>nam</em></span> <span class='ocrx_word' id='word_1_199' title='bbox 1432 1749 1576 1791; x_wconf 71' lang='lat' dir='ltr'><em>audies</em></span> <span class='ocrx_word' id='word_1_200' title='bbox 1612 1747 1696 1791; x_wconf 81' lang='lat' dir='ltr'><em>dici</em></span> 
     </span>
     <span class='ocr_line' id='line_1_25' title="bbox 221 1812 1694 1872; baseline -0.001 -14"><span class='ocrx_word' id='word_1_201' title='bbox 221 1817 350 1872; x_wconf 90' lang='lat' dir='ltr'><em>potuit</em></span> <span class='ocrx_word' id='word_1_202' title='bbox 386 1812 434 1858; x_wconf 75' lang='grc' dir='ltr'><em>ἐκ</em></span> <span class='ocrx_word' id='word_1_203' title='bbox 463 1817 541 1858; x_wconf 83' lang='grc' dir='ltr'><em>τοῦ</em></span> <span class='ocrx_word' id='word_1_204' title='bbox 575 1814 911 1872; x_wconf 79' lang='grc' dir='ltr'><strong><em>παρεπομένου,</em></strong></span> <span class='ocrx_word' id='word_1_205' title='bbox 944 1815 1042 1871; x_wconf 86' lang='lat' dir='ltr'><em>quia</em></span> <span class='ocrx_word' id='word_1_206' title='bbox 1069 1827 1170 1857; x_wconf 87' lang='lat' dir='ltr'><em>arae</em></span> <span class='ocrx_word' id='word_1_207' title='bbox 1206 1821 1391 1858; x_wconf 85' lang='lat' dir='ltr'><em>exortum</em></span> <span class='ocrx_word' id='word_1_208' title='bbox 1419 1820 1642 1871; x_wconf 79' lang='lat' dir='ltr'><em>sequuntur</em></span> <span class='ocrx_word' id='word_1_209' title='bbox 1671 1827 1694 1857; x_wconf 91' lang='lat' dir='ltr'><em>e</em></span> 
     </span>
     <span class='ocr_line' id='line_1_26' title="bbox 223 1881 1694 1939; baseline 0 -15"><span class='ocrx_word' id='word_1_210' title='bbox 223 1884 398 1938; x_wconf 83' lang='lat' dir='ltr'><em>vestigio</em></span> <span class='ocrx_word' id='word_1_211' title='bbox 429 1884 708 1938; x_wconf 83' lang='lat' dir='ltr'><em>gravissimae</em></span> <span class='ocrx_word' id='word_1_212' title='bbox 749 1881 961 1938; x_wconf 87' lang='lat' dir='ltr'><strong>procellae</strong></span> <span class='ocrx_word' id='word_1_213' title='bbox 1000 1883 1061 1924; x_wconf 88' lang='lat' dir='ltr'><em>sic</em></span> <span class='ocrx_word' id='word_1_214' title='bbox 1097 1888 1139 1925; x_wconf 86' lang='lat' dir='ltr'><em>ut</em></span> <span class='ocrx_word' id='word_1_215' title='bbox 1167 1881 1336 1925; x_wconf 85' lang='lat' dir='ltr'><em>auribus</em></span> <span class='ocrx_word' id='word_1_216' title='bbox 1363 1882 1521 1939; x_wconf 87' lang='lat' dir='ltr'><em>percipi</em></span> <span class='ocrx_word' id='word_1_217' title='bbox 1548 1883 1694 1938; x_wconf 80' lang='lat' dir='ltr'><em>possit.</em></span> 
     </span>
     <span class='ocr_line' id='line_1_27' title="bbox 219 1946 1694 2006; baseline 0.001 -16"><span class='ocrx_word' id='word_1_218' title='bbox 219 1947 270 1992; x_wconf 78' lang='lat' dir='ltr'><em>Et</em></span> <span class='ocrx_word' id='word_1_219' title='bbox 300 1946 531 1992; x_wconf 79' lang='grc' dir='ltr'><strong><em>πεπύθοιο</em></strong></span> <span class='ocrx_word' id='word_1_220' title='bbox 561 1949 818 1998; x_wconf 80' lang='grc' dir='ltr'><strong><em>καθυπνέας</em></strong></span> <span class='ocrx_word' id='word_1_221' title='bbox 848 1948 939 1991; x_wconf 85' lang='lat' dir='ltr'><em>Nic.</em></span> <span class='ocrx_word' id='word_1_222' title='bbox 957 1948 1025 1991; x_wconf 93' lang='lat' dir='ltr'><em>Al.</em></span> <span class='ocrx_word' id='word_1_223' title='bbox 1043 1948 1141 1991; x_wconf 86' lang='lat'><strong>433.</strong></span> <span class='ocrx_word' id='word_1_224' title='bbox 1175 1951 1309 1992; x_wconf 84' lang='lat' dir='ltr'><em>minus</em></span> <span class='ocrx_word' id='word_1_225' title='bbox 1339 1948 1503 2006; x_wconf 74' lang='lat' dir='ltr'><em>quidem</em></span> <span class='ocrx_word' id='word_1_226' title='bbox 1530 1949 1694 2006; x_wconf 80' lang='lat' dir='ltr'><em>proprie</em></span> 
     </span>
     <span class='ocr_line' id='line_1_28' title="bbox 221 2010 1692 2072; baseline 0 -14"><span class='ocrx_word' id='word_1_227' title='bbox 221 2015 371 2058; x_wconf 81' lang='lat' dir='ltr'><em>(lictum</em></span> <span class='ocrx_word' id='word_1_228' title='bbox 387 2027 508 2070; x_wconf 85' lang='lat' dir='ltr'><em>quam</em></span> <span class='ocrx_word' id='word_1_229' title='bbox 532 2010 642 2069; x_wconf 68' lang='grc' dir='ltr'><strong><em>ὄψει</em></strong></span> <span class='ocrx_word' id='word_1_230' title='bbox 669 2014 736 2057; x_wconf 90' lang='lat' dir='ltr'><em>vel</em></span> <span class='ocrx_word' id='word_1_231' title='bbox 760 2012 877 2064; x_wconf 77' lang='grc' dir='ltr'><strong><em>ἴδοις</em></strong></span> <span class='ocrx_word' id='word_1_232' title='bbox 894 2011 959 2064; x_wconf 68' lang='grc' dir='ltr'><strong><em>ἄν,</em></strong></span> <span class='ocrx_word' id='word_1_233' title='bbox 989 2028 1067 2057; x_wconf 88' lang='lat' dir='ltr'><em>nec</em></span> <span class='ocrx_word' id='word_1_234' title='bbox 1093 2021 1230 2058; x_wconf 84' lang='lat' dir='ltr'><em>tamen</em></span> <span class='ocrx_word' id='word_1_235' title='bbox 1247 2017 1511 2072; x_wconf 88' lang='lat' dir='ltr'><em>improprium</em></span> <span class='ocrx_word' id='word_1_236' title='bbox 1532 2022 1607 2058; x_wconf 81' lang='lat' dir='ltr'><em>est.</em></span> <span class='ocrx_word' id='word_1_237' title='bbox 1625 2020 1636 2041; x_wconf 90' lang='lat'><em>¹</em></span> <span class='ocrx_word' id='word_1_238' title='bbox 1652 2016 1692 2068; x_wconf 71' lang='grc'><em>4)</em></span> 
     </span>
     <span class='ocr_line' id='line_1_29' title="bbox 219 2079 1693 2138; baseline 0.001 -14"><span class='ocrx_word' id='word_1_239' title='bbox 219 2081 323 2124; x_wconf 82' lang='lat' dir='ltr'><em>Hinc</em></span> <span class='ocrx_word' id='word_1_240' title='bbox 349 2081 636 2136; x_wconf 83' lang='lat' dir='ltr'><em>transgrediar</em></span> <span class='ocrx_word' id='word_1_241' title='bbox 663 2080 715 2122; x_wconf 89' lang='lat' dir='ltr'><em>ad</em></span> <span class='ocrx_word' id='word_1_242' title='bbox 742 2080 872 2123; x_wconf 85' lang='lat' dir='ltr'><em>verba</em></span> <span class='ocrx_word' id='word_1_243' title='bbox 898 2080 1078 2124; x_wconf 88' lang='lat' dir='ltr'><em>videndi.</em></span> <span class='ocrx_word' id='word_1_244' title='bbox 1134 2081 1203 2124; x_wconf 90' lang='lat' dir='ltr'><em>Ad</em></span> <span class='ocrx_word' id='word_1_245' title='bbox 1222 2079 1319 2124; x_wconf 90' lang='lat' dir='ltr'><em>Eur.</em></span> <span class='ocrx_word' id='word_1_246' title='bbox 1334 2080 1434 2125; x_wconf 77' lang='lat' dir='ltr'><em>Hec,</em></span> <span class='ocrx_word' id='word_1_247' title='bbox 1451 2081 1547 2124; x_wconf 85' lang='lat'><strong>175.</strong></span> <span class='ocrx_word' id='word_1_248' title='bbox 1571 2095 1693 2138; x_wconf 90' lang='lat' dir='ltr'><em>quum</em></span> 
     </span>
     <span class='ocr_line' id='line_1_30' title="bbox 217 2143 1693 2209; baseline 0 -17"><span class='ocrx_word' id='word_1_249' title='bbox 217 2162 293 2205; x_wconf 90' lang='lat' dir='ltr'><em>pro</em></span> <span class='ocrx_word' id='word_1_250' title='bbox 325 2143 405 2191; x_wconf 70' lang='grc' dir='ltr'><strong><em>ἄϋε</em></strong></span> <span class='ocrx_word' id='word_1_251' title='bbox 435 2143 495 2197; x_wconf 80' lang='grc' dir='ltr'><em>ὡς</em></span> <span class='ocrx_word' id='word_1_252' title='bbox 525 2144 648 2205; x_wconf 78' lang='grc' dir='ltr'><strong><em>εἰδῇς</em></strong></span> <span class='ocrx_word' id='word_1_253' title='bbox 677 2146 775 2190; x_wconf 91' lang='lat' dir='ltr'><em>olim</em></span> <span class='ocrx_word' id='word_1_254' title='bbox 805 2149 999 2204; x_wconf 85' lang='lat' dir='ltr'><em>scriptum</em></span> <span class='ocrx_word' id='word_1_255' title='bbox 1029 2154 1142 2191; x_wconf 84' lang='lat' dir='ltr'><em>esset</em></span> <span class='ocrx_word' id='word_1_256' title='bbox 1171 2144 1379 2209; x_wconf 75' lang='grc' dir='ltr'><strong><em>ὦςῖδῃς,</em></strong></span> <span class='ocrx_word' id='word_1_257' title='bbox 1405 2147 1486 2192; x_wconf 85' lang='lat' dir='ltr'><em>hoc</em></span> <span class='ocrx_word' id='word_1_258' title='bbox 1516 2161 1693 2205; x_wconf 86' lang='lat' dir='ltr'><em>accepe-</em></span> 
     </span>
     <span class='ocr_line' id='line_1_31' title="bbox 219 2209 1692 2272; baseline 0.001 -15"><span class='ocrx_word' id='word_1_259' title='bbox 219 2221 311 2257; x_wconf 87' lang='lat' dir='ltr'><em>runt</em></span> <span class='ocrx_word' id='word_1_260' title='bbox 342 2210 435 2257; x_wconf 73' lang='grc' dir='ltr'><strong><em>ἀντὶ</em></strong></span> <span class='ocrx_word' id='word_1_261' title='bbox 465 2215 543 2256; x_wconf 82' lang='grc' dir='ltr'><em>τοῦ</em></span> <span class='ocrx_word' id='word_1_262' title='bbox 574 2209 778 2271; x_wconf 74' lang='grc' dir='ltr'><strong><em>ἀκούσῃς,</em></strong></span> <span class='ocrx_word' id='word_1_263' title='bbox 810 2211 1022 2271; x_wconf 76' lang='grc' dir='ltr'><strong><em>αἴσθησις</em></strong></span> <span class='ocrx_word' id='word_1_264' title='bbox 1051 2210 1146 2258; x_wconf 75' lang='grc' dir='ltr'><strong><em>ἄντ’</em></strong></span> <span class='ocrx_word' id='word_1_265' title='bbox 1182 2210 1438 2272; x_wconf 80' lang='grc' dir='ltr'><strong><em>αἰσθήσεως</em></strong></span> <span class='ocrx_word' id='word_1_266' title='bbox 1465 2209 1492 2260; x_wconf 73' lang='grc' dir='ltr'>ὃ</span> <span class='ocrx_word' id='word_1_267' title='bbox 1511 2214 1586 2259; x_wconf 80' lang='grc' dir='ltr'><em>καὶ</em></span> <span class='ocrx_word' id='word_1_268' title='bbox 1613 2232 1692 2269; x_wconf 83' lang='grc' dir='ltr'><strong><em>με-</em></strong></span> 
     </span>
    </p>
   </div>
   <div class='ocr_carea' id='block_1_3' title="bbox 1680 0 1728 496">
    <p class='ocr_par' dir='ltr' id='par_1_3' title="bbox 1680 0 1728 496">
     <span class='ocr_line' id='line_1_32' title="bbox 1680 0 1728 496; baseline 0 0"><span class='ocrx_word' id='word_1_269' title='bbox 1680 0 1728 496; x_wconf 95' lang='lat' dir='ltr'><em>  </em></span> 
     </span>
    </p>
   </div>
   <div class='ocr_carea' id='block_1_4' title="bbox 216 2278 1692 2540">
    <p class='ocr_par' dir='ltr' id='par_1_4' title="bbox 216 2278 1692 2540">
     <span class='ocr_line' id='line_1_33' title="bbox 218 2278 1692 2338; baseline 0 -14"><span class='ocrx_word' id='word_1_270' title='bbox 218 2278 412 2337; x_wconf 78' lang='grc' dir='ltr'><strong><em>τάληψις</em></strong></span> <span class='ocrx_word' id='word_1_271' title='bbox 442 2280 626 2335; x_wconf 80' lang='grc' dir='ltr'><strong><em>λέγεται.</em></strong></span> <span class='ocrx_word' id='word_1_272' title='bbox 687 2280 742 2323; x_wconf 82' lang='lat' dir='ltr'><em>At</em></span> <span class='ocrx_word' id='word_1_273' title='bbox 772 2288 954 2338; x_wconf 84' lang='lat' dir='ltr'><em>apertum</em></span> <span class='ocrx_word' id='word_1_274' title='bbox 979 2287 1042 2324; x_wconf 90' lang='lat' dir='ltr'><em>est</em></span> <span class='ocrx_word' id='word_1_275' title='bbox 1072 2282 1134 2325; x_wconf 85' lang='lat' dir='ltr'><em>sic</em></span> <span class='ocrx_word' id='word_1_276' title='bbox 1161 2294 1246 2325; x_wconf 90' lang='lat' dir='ltr'><em>non</em></span> <span class='ocrx_word' id='word_1_277' title='bbox 1270 2294 1437 2325; x_wconf 85' lang='lat' dir='ltr'><em>sensum</em></span> <span class='ocrx_word' id='word_1_278' title='bbox 1464 2295 1540 2338; x_wconf 86' lang='lat' dir='ltr'><em>pro</em></span> <span class='ocrx_word' id='word_1_279' title='bbox 1565 2295 1692 2326; x_wconf 87' lang='lat' dir='ltr'><em>sensu</em></span> 
     </span>
     <span class='ocr_line' id='line_1_34' title="bbox 218 2347 1690 2406; baseline 0.001 -16"><span class='ocrx_word' id='word_1_280' title='bbox 218 2353 504 2390; x_wconf 81' lang='lat' dir='ltr'><em>summutatum</em></span> <span class='ocrx_word' id='word_1_281' title='bbox 532 2360 628 2390; x_wconf 88' lang='lat' dir='ltr'><em>esse</em></span> <span class='ocrx_word' id='word_1_282' title='bbox 669 2347 744 2390; x_wconf 88' lang='lat' dir='ltr'><em>sed</em></span> <span class='ocrx_word' id='word_1_283' title='bbox 779 2348 1016 2406; x_wconf 85' lang='lat' dir='ltr'><em>adspectum</em></span> <span class='ocrx_word' id='word_1_284' title='bbox 1045 2362 1120 2405; x_wconf 92' lang='lat' dir='ltr'><em>pro</em></span> <span class='ocrx_word' id='word_1_285' title='bbox 1151 2347 1382 2398; x_wconf 87' lang='lat' dir='ltr'><em>intellectu,</em></span> <span class='ocrx_word' id='word_1_286' title='bbox 1423 2348 1690 2406; x_wconf 78' lang='lat' dir='ltr'><em>quodfacile</em></span> 
     </span>
     <span class='ocr_line' id='line_1_35' title="bbox 216 2413 1688 2474; baseline 0.001 -18"><span class='ocrx_word' id='word_1_287' title='bbox 216 2415 306 2457; x_wconf 86' lang='lat' dir='ltr'><em>fieri</em></span> <span class='ocrx_word' id='word_1_288' title='bbox 334 2427 458 2470; x_wconf 88' lang='lat' dir='ltr'><em>posse</em></span> <span class='ocrx_word' id='word_1_289' title='bbox 487 2415 751 2457; x_wconf 84' lang='lat' dir='ltr'><em>concedimus</em></span> <span class='ocrx_word' id='word_1_290' title='bbox 783 2422 823 2458; x_wconf 85' lang='lat' dir='ltr'><em>et</em></span> <span class='ocrx_word' id='word_1_291' title='bbox 851 2415 1048 2472; x_wconf 87' lang='lat' dir='ltr'><em>probatur</em></span> <span class='ocrx_word' id='word_1_292' title='bbox 1065 2414 1279 2459; x_wconf 84' lang='lat' dir='ltr'><em>Theocriti</em></span> <span class='ocrx_word' id='word_1_293' title='bbox 1306 2415 1504 2474; x_wconf 64' lang='lat' dir='ltr'><em>exemplo&gt;</em></span> <span class='ocrx_word' id='word_1_294' title='bbox 1524 2413 1592 2458; x_wconf 84' lang='grc' dir='ltr'><strong>ΙΙΙ.</strong></span> <span class='ocrx_word' id='word_1_295' title='bbox 1614 2416 1688 2458; x_wconf 79' lang='grc'><strong>12.</strong></span> 
     </span>
     <span class='ocr_line' id='line_1_36' title="bbox 216 2478 1687 2540; baseline 0 -16"><span class='ocrx_word' id='word_1_296' title='bbox 216 2484 362 2524; x_wconf 82' lang='grc' dir='ltr'><strong><em>θᾶσαι</em></strong></span> <span class='ocrx_word' id='word_1_297' title='bbox 389 2479 477 2535; x_wconf 77' lang='grc' dir='ltr'><em>μὰν</em></span> <span class='ocrx_word' id='word_1_298' title='bbox 496 2482 722 2537; x_wconf 75' lang='grc' dir='ltr'><strong><em>θυμαλγὲς</em></strong></span> <span class='ocrx_word' id='word_1_299' title='bbox 741 2481 837 2535; x_wconf 77' lang='grc' dir='ltr'><strong><em>ε’μίν</em></strong></span> <span class='ocrx_word' id='word_1_300' title='bbox 867 2478 983 2536; x_wconf 65' lang='grc' dir='ltr'><strong><em>ἄχος,</em></strong></span> <span class='ocrx_word' id='word_1_301' title='bbox 1013 2481 1084 2525; x_wconf 86' lang='lat' dir='ltr'><em>uhi</em></span> <span class='ocrx_word' id='word_1_302' title='bbox 1107 2483 1292 2538; x_wconf 83' lang='lat' dir='ltr'><em>apposite</em></span> <span class='ocrx_word' id='word_1_303' title='bbox 1309 2480 1687 2540; x_wconf 76' lang='lat' dir='ltr'><em>Scholiographus:</em></span> 
     </span>
    </p>
   </div>
   <div class='ocr_carea' id='block_1_5' title="bbox 215 2615 1692 2800">
    <p class='ocr_par' dir='ltr' id='par_1_5' title="bbox 215 2615 1692 2800">
     <span class='ocr_line' id='line_1_37' title="bbox 309 2615 1688 2686; baseline 0.002 -15"><span class='ocrx_word' id='word_1_304' title='bbox 309 2637 365 2681; x_wconf 69' lang='lat'><em>14)</em></span> <span class='ocrx_word' id='word_1_305' title='bbox 400 2636 618 2685; x_wconf 80' lang='grc' dir='ltr'><strong><em>Πιφαύσκεο</em></strong></span> <span class='ocrx_word' id='word_1_306' title='bbox 652 2638 756 2675; x_wconf 85' lang='lat' dir='ltr'><strong>Alex.</strong></span> <span class='ocrx_word' id='word_1_307' title='bbox 782 2638 861 2674; x_wconf 88' lang='grc'><strong>410.</strong></span> <span class='ocrx_word' id='word_1_308' title='bbox 898 2638 1023 2674; x_wconf 90' lang='lat' dir='ltr'><em>Schol.</em></span> <span class='ocrx_word' id='word_1_309' title='bbox 1054 2649 1122 2684; x_wconf 88' lang='lat' dir='ltr'><em>pro</em></span> <span class='ocrx_word' id='word_1_310' title='bbox 1153 2636 1265 2675; x_wconf 72' lang='grc' dir='ltr'><strong><em>ἄκουε</em></strong></span> <span class='ocrx_word' id='word_1_311' title='bbox 1298 2616 1585 2686; x_wconf 69' lang='lat' dir='ltr'><em>positumputat</em></span> <span class='ocrx_word' id='word_1_312' title='bbox 1620 2615 1688 2674; x_wconf 79' lang='lat' dir='ltr'><em>sed</em></span> 
     </span>
     <span class='ocr_line' id='line_1_38' title="bbox 216 2693 1692 2742; baseline 0.002 -14"><span class='ocrx_word' id='word_1_313' title='bbox 216 2700 271 2729; x_wconf 74' lang='lat' dir='ltr'><em>est</em></span> <span class='ocrx_word' id='word_1_314' title='bbox 295 2695 444 2740; x_wconf 82' lang='lat' dir='ltr'><em>proprie</em></span> <span class='ocrx_word' id='word_1_315' title='bbox 477 2695 606 2730; x_wconf 88' lang='lat' dir='ltr'><em>dictum</em></span> <span class='ocrx_word' id='word_1_316' title='bbox 641 2694 722 2730; x_wconf 77' lang='lat' dir='ltr'><em>lass</em></span> <span class='ocrx_word' id='word_1_317' title='bbox 754 2695 819 2731; x_wconf 81' lang='lat' dir='ltr'><em>dir</em></span> <span class='ocrx_word' id='word_1_318' title='bbox 851 2706 993 2742; x_wconf 71' lang='lat' dir='ltr'><em>saqem</em></span> <span class='ocrx_word' id='word_1_319' title='bbox 1027 2695 1113 2730; x_wconf 84' lang='lat' dir='ltr'><em>alibi</em></span> <span class='ocrx_word' id='word_1_320' title='bbox 1145 2696 1226 2732; x_wconf 84' lang='lat' dir='ltr'><em>aliis</em></span> <span class='ocrx_word' id='word_1_321' title='bbox 1258 2696 1380 2733; x_wconf 81' lang='lat' dir='ltr'><em>verbis</em></span> <span class='ocrx_word' id='word_1_322' title='bbox 1412 2696 1522 2732; x_wconf 84' lang='lat' dir='ltr'><em>utitur</em></span> <span class='ocrx_word' id='word_1_323' title='bbox 1547 2693 1692 2734; x_wconf 70' lang='grc' dir='ltr'><strong><em>πεύθεα</em></strong></span> 
     </span>
     <span class='ocr_line' id='line_1_39' title="bbox 215 2749 1132 2800; baseline 0.004 -16"><span class='ocrx_word' id='word_1_324' title='bbox 215 2750 291 2786; x_wconf 82' lang='grc'><strong>700.</strong></span> <span class='ocrx_word' id='word_1_325' title='bbox 320 2749 453 2798; x_wconf 72' lang='grc' dir='ltr'><strong><em>φράζεο</em></strong></span> <span class='ocrx_word' id='word_1_326' title='bbox 478 2751 557 2786; x_wconf 83' lang='grc'><strong>438.</strong></span> <span class='ocrx_word' id='word_1_327' title='bbox 581 2754 676 2800; x_wconf 81' lang='grc' dir='ltr'><strong><em>εἴρεο</em></strong></span> <span class='ocrx_word' id='word_1_328' title='bbox 706 2751 784 2787; x_wconf 88' lang='grc'><strong>359.</strong></span> <span class='ocrx_word' id='word_1_329' title='bbox 809 2754 1006 2800; x_wconf 77' lang='grc' dir='ltr'><strong><em>τεκμαίρου</em></strong></span> <span class='ocrx_word' id='word_1_330' title='bbox 1029 2750 1132 2797; x_wconf 56' lang='lat'><strong>396.)</strong></span> 
     </span>
    </p>
   </div>
  </div>
 </body>
</html>
