1728 3120
281 206 342 250 84
725 195 1192 242 DISSERTATIO
1236 196 1301 240 lv.

280 310 512 370 γλαύσσω).
578 311 670 354 Jam
708 313 744 354 si
786 310 838 354 ab
877 310 956 355 hoc
997 309 1128 369 φράω
1167 311 1395 355 derivatum
1415 316 1502 355 -est
1532 297 1692 368 φρᾶσῂ

279 394 361 423 non
397 380 540 420 mirum
578 378 710 421 videri
748 385 882 434 potest
918 391 1066 421 nomen
1104 380 1277 435 φρενῶν
1313 379 1478 434 proprie
1518 359 1685 441 declar}

280 445 568 501 diaphragma,
611 458 690 500 quo
721 451 815 487 exta
841 444 893 488 ab
931 446 1127 488 inferiore
1157 447 1439 489 intestinorum
1473 451 1588 502 parte
1615 452 1688 507 ειη

279 519 419 556 rantur
451 511 570 569 quasi
611 519 740 568 septo.
798 511 1012 563 Quomodo
1041 512 1137 556 hinc
1173 512 1225 554 ad
1264 511 1579 568 intelligentiam
1600 510 1692 573 trapi

279 580 404 622 latum
440 581 493 621 sit
534 581 697 621 nescire
737 592 783 621 se
814 578 1020 635 profitetur
1047 578 1316 636 Hippocrates
1350 579 1434 622 nisi
1470 578 1578 635 quod
1614 590 1688 636 pri

279 647 423 690 cordia
450 645 699 689 laetantibus
729 652 769 688 et
797 645 1028 689 dolentibus
1059 646 1356 702 quodammodo
1385 642 1675 700 commoveand

280 714 355 756 sed
388 715 525 756 verius
562 712 809 755 Aristoteles
849 720 990 756 censet
1027 711 1098 756 ὅτι
1136 711 1182 756 αἱ
1226 712 1383 770 φρένες
1421 707 1474 756 οὗ
1509 711 1696 774 μετέχοᾲ

278 780 357 832 μὲν
385 782 463 823 τοῦ
493 783 692 836 φρονεῖν,
733 778 855 835 ἐγγὺς
885 776 927 823 <3²
963 777 1048 823 εἶσὶ
1076 782 1163 822 τῶν
1191 776 1468 836 φρονούντων
1495 775 1699 834 (cordis)

279 846 410 890 Dietz.
440 847 492 889 ad
517 846 635 903 Hipp.
666 845 800 890 Morb.
832 846 950 890 Sacr.
979 861 1016 903 p.
1048 846 1138 889 183.
1195 846 1232 889 A
1264 849 1444 903 φρονεῖν
1473 852 1607 889 autem
1634 845 1694 899 ni

280 913 413 956 differt
440 911 710 970 φράζεσθαι.
743 939 790 944 -
823 911 984 969 Σφάζω
1015 912 1141 969 παρὰ
1168 911 1218 956 τὸ
1248 915 1322 967 φῶ
1350 911 1447 956 ΕΜ.
1482 914 1598 969 Cujus
1627 924 1697 960 aa

280 988 385 1023 stum
412 980 526 1035 fingit
553 980 783 1036 Hesychius
814 979 1044 1035 Φάσγανον
1073 978 1198 1036 παρὰ
1227 979 1274 1022 τὸ
1306 977 1462 1036 φάσαι.
1519 970 1678 1033 Σχάζωῗ.

281 1047 389 1104 quod
419 1048 634 1090 Atticistae
660 1048 895 1104 praeferunt
933 1045 1050 1101 σχάω
1085 1046 1258 1089 eandem
1291 1046 1442 1090 habent
1469 1036 1700 1103 significi*

279 1127 374 1157 nem
401 1113 571 1157 laxandi
611 1122 730 1171 atque
769 1114 979 1172 aperiendi
1012 1121 1052 1156 et
1081 1124 1333 1156 communem
1363 1115 1565 1170 originem
1597 1127 1623 1157 a
1679 1116 1702 1147 ι’

279 1182 430 1224 matico
461 1180 565 1234 χάω,
596 1182 701 1225 unde
733 1180 856 1232 Χάος
884 1178 910 1238 ἦ
939 1179 1131 1238 χιόρησις
1161 1179 1234 1223 καὶ
1263 1179 1312 1223 τὸ
1342 1179 1463 1224 κενόν
1489 1179 1587 1224 Hes.
1613 1167 1704 1238 (51st

279 1250 420 1290 unitas
448 1250 568 1290 hians
588 1257 814 1303 patensque
843 1248 950 1290 Fest.
979 1245 1104 1302 παρὰ
1133 1245 1181 1288 τὸ
1210 1248 1360 1300 χαὸεῖν
1383 1233 1684 1310 SchoLHesfj

279 1315 374 1357 116.
405 1322 444 1358 et
463 1313 608 1366 Χάσις
636 1313 855 1370 διάκρισις
880 1313 1071 1370 χώρησις
1090 1315 1176 1356 sive
1203 1310 1396 1369 χώρισις,
1425 1313 1632 1372 multaque

280 1382 426 1438 quihus
455 1381 640 1437 subJecta
666 1389 729 1424 est
756 1384 868 1425 notio
888 1381 1064 1425 vacandi
1095 1387 1135 1422 et
1151 1381 1378 1432 vacuandi;
1407 1395 1432 1439 p
1459 1383 1468 1392 “
1511 1380 1586 1427 um'
1610 1383 1694 1439 vaf*

278 1448 421 1491 hiandi
445 1449 616 1502 χάσκω,
644 1447 798 1502 χαίνω,
831 1448 1006 1498 κάπτω,
1043 1455 1126 1490 tum
1155 1461 1260 1504 quae
1291 1461 1441 1506 capere
1473 1456 1515 1493 et
1542 1423 1693 1507 eapaz'

279 1529 374 1558 esse
409 1515 641 1569 significant
665 1513 861 1569 χανδάνω
892 1522 932 1558 et
961 1512 1126 1567 ἐχαδον,
1158 1528 1237 1571 quo
1265 1513 1475 1561 Nicander
1500 1515 1638 1560 Alex.»
1662 1530 1667 1538 ⁴
1696 1544 1699 1547 ·

278 1584 402 1626 utitur
436 1595 509 1638 pro
549 1579 725 1633 ἔλαβον,
770 1584 876 1625 sicut
914 1595 994 1624 uno
1033 1582 1272 1636 germanico
1309 1581 1439 1627 verbo
1477 1584 1616 1639 sussen
1651 1579 1665 1606 ·’

278 1650 553 1706 exprimuntur
579 1661 736 1703 graeca
760 1649 910 1701 χαόεῖν
937 1655 977 1691 et
1006 1648 1176 1701 λαβεῖν,
1213 1650 1334 1693 tertio
1363 1647 1482 1706 χάζω
1511 1648 1634 1704 (χάζο
1660 1644 1695 1688 x'

279 1716 395 1765 cedo,
424 1729 520 1757 nam
543 1716 726 1759 cedendo
751 1715 886 1758 locum
914 1714 1220 1758 vacuefacimus
1251 1718 1356 1759 sicut
1394 1710 1547 1761 κενοῦν
1575 1705 1688 1774 quos

279 1783 426 1825 dicitur
452 1796 526 1839 pro
561 1783 776 1825 discedere
812 1795 1007 1824 raeumen
1035 1795 1074 1823 v.
1109 1781 1174 1823 ad.
1202 1783 1268 1838 Aj.
1295 1795 1334 1826 v.
1361 1781 1456 1826 987.
1479 1783 1546 1836 ²⁹)
1574 1790 1615 1826 et
1642 1757 1703 1844 lif

279 1850 506 1906 composita
536 1848 751 1904 Προχάζω
782 1848 1008 1905 προβαίνω
1038 1847 1153 1890 Phot.
1186 1848 1228 1891 id
1258 1855 1321 1892 est
1347 1849 1552 1906 procedo,
1578 1853 1689 1894 --Ha'

275 1931 410 1969 χασον
447 1912 746 1972 ἆναχώρησον,
785 1911 986 1970 Συγχάζω
1028 1916 1236 1972 συγχωρῶ
1276 1915 1492 1968 (concedo)
1522 1915 1619 1960 Hes.
1707 1914 1710 1918 ⁴

278 1982 407 2025 latino
438 1984 531 2024 cedo
561 1989 729 2024 resonat
756 1994 949 2036 graecum
982 1977 1122 2036 κήδω,
1163 1981 1271 2037 quod
1299 1996 1380 2026 non
1418 1997 1470 2026 ex
1505 1996 1552 2027 se
1582 1997 1703 2039 cogn

279 2050 405 2092 scitur
441 2048 515 2091 sed
554 2062 603 2090 ex
634 2048 815 2105 perfecto
855 2048 1014 2102 κέκηόα
1044 2048 1070 2089 i.
1101 2061 1138 2103 q.
1179 2044 1498 2104 ὑποκεχώρηκα
1534 2057 1703 2107 atqueqv

279 2117 446 2159 aoristis
476 2114 670 2165 κέκαδον,
703 2114 935 2157 κεκάδοντο
967 2115 1020 2166 (v.
1054 2114 1107 2156 ad
1134 2113 1279 2157 Buttm.
1308 2115 1404 2158 322.
1435 2123 1475 2159 et
1498 2118 1614 2171 323.)
1645 2116 1706 2166 33.ss

277 2185 357 2225 τοῦ
385 2179 502 2236 χάζεο
541 2183 689 2238 τροπῇ
723 2183 800 2224 τοῦ
841 2180 997 2232 δασέος
1035 2177 1098 2231 εἰς
1133 2179 1269 2237 ψιλόν
1296 2180 1391 2224 ΕΜ.
1450 2181 1565 2227 Haec
1603 2170 1711 2237 auid⁴

278 2255 392 2305 trope
421 2262 494 2305 per
522 2247 628 2291 hanc
646 2254 773 2290 totam
802 2247 1001 2290 familiam
1031 2255 1253 2299 commeat3
1287 2262 1462 2306 namque
1490 2264 1573 2294 nou
1601 2251 1665 2297 sol
1704 2251 1708 2255 ’

277 2330 350 2372 pro
380 2314 534 2359 κάπτω
565 2316 766 2358 successit
792 2313 968 2368 χάπτω,
1001 2314 1109 2370 quod
1137 2312 1374 2359 Eustathius
1405 2315 1529 2368 1481‚-
1553 2317 1620 2360 35.
1649 2327 1704 2394 ¹¹2

276 2384 336 2426 ita
361 2383 517 2440 pridem
545 2382 802 2425 increbuisse
839 2381 1065 2437 significat,
1103 2381 1178 2424 sed
1216 2384 1339 2424 etiam
1369 2383 1506 2440 Κήτει
1532 2382 1716 2444 στιερήήἸ

279 2457 318 2493 et
346 2452 493 2507 Κῆτος
522 2446 690 2506 ἀπορία
720 2449 837 2491 affert
858 2447 1102 2503 Hesychius,
1129 2461 1234 2504 quae
1263 2462 1315 2491 ne
1346 2450 1553 2502 mendose,
1584 2459 1625 2494 ut

277 2517 435 2573 phanus
466 2524 624 2567 censet,
665 2519 817 2573 scripta
841 2530 936 2559 esse
966 2523 1111 2572 putem,
1140 2516 1314 2558 retinent
1341 2529 1406 2559 me
1432 2529 1625 2561 vasorum

277 2584 428 2627 cabula
457 2581 638 2639 κήθειον
674 2585 762 2626 sive
788 2583 950 2637 χείτιον
985 2580 1034 2624 τὸ
1067 2584 1235 2636 χωροῦν
1273 2578 1575 2640 ἀστραγάλους
1603 2579 1628 2628 ὃ
1662 2610 1665 2612 Δ

277 2652 447 2695 κείθιον
499 2648 684 2701 ἰωνικιῦς
722 2650 893 2706 λέγεται
941 2647 1066 2705 παρὰ
1109 2647 1158 2690 τὸ
1207 2647 1310 2701 χείω
1354 2649 1402 2693 τὸ
1448 2654 1577 2709 χωρῶ
1618 2649 1651 2693 E

366 2798 422 2843 19)
451 2796 583 2839 Χάζειν
610 2809 676 2844 pro
700 2798 862 2833 amittere
886 2796 953 2831 dici
975 2795 1129 2831 ostendit
1153 2795 1210 2831 Du
1236 2795 1400 2842 (langius.
