1728 3120
245 199 342 247 122
698 189 1165 239 DISSERTATIO
1208 189 1256 234 V.

243 310 358 353 verit.
398 306 538 361 ltaque
562 310 737 360 quatuor
756 302 879 346 nobis
897 302 1182 360 relinquuntur
1198 303 1344 361 partim
1361 302 1540 360 poetica,
1566 304 1684 374 partij⁴

241 376 296 419 ad
332 385 493 416 omnem
527 384 646 413 usum
684 370 882 426 loquendi
911 377 1009 427 apta
1034 371 1169 425 μένω,
1200 370 1341 423 πένω,
1378 369 1548 422 σθένω,
1577 370 1654 414 στ’
1675 372 1692 391 ²

240 454 314 499 pro
349 451 430 495 quo
460 437 567 482 τένω
606 436 814 493 subrepsit
841 436 1024 480 Arcadio
1053 451 1091 494 p.
1117 436 1212 479 159.
1252 435 1389 481 στένω
1426 441 1583 488 autem,
1625 379 1706 504 seit}

241 522 315 565 pro
355 503 546 558 στενάχω
585 504 734 547 dicitur
769 504 857 546 sive
894 517 968 560 pro
1009 510 1207 559 angusto,
1246 516 1370 546 unum
1405 509 1447 546 et
1478 502 1588 569 5de
1617 507 1715 564 eslf}

241 572 485 617 Muetzellio
512 571 562 614 de
592 569 756 625 Theog.
790 583 829 626 p.
850 569 948 613 417.
984 571 1192 623 assentior
1221 570 1302 614 hoc
1328 569 1484 613 firmius
1513 569 1623 626 quod
1650 569 1707 625 las

240 643 326 684 tino
370 652 478 692 anqo
519 637 667 680 eadem
705 638 937 679 continetur
970 637 1183 680 cruciandi
1220 643 1261 680 et
1295 635 1544 692 angustandi
1586 636 1717 700 sigui

239 707 391 755 ficatio,
410 711 424 732 ²
438 708 478 757 1)
511 718 589 747 nec
612 704 780 746 multum
800 703 1005 747 abhorreo
1031 716 1057 747 a
1078 702 1289 760 Scaligeri
1312 703 1518 747 sententia
1543 699 1719 764 latinuts

241 786 408 830 gemere
441 783 639 827 agraeco
669 770 815 825 γέμειν
844 770 887 813 id
916 770 1039 814 modo
1059 771 1224 814 differre
1255 770 1364 828 quod
1381 769 1462 814 hoc
1489 769 1714 824 ποιιῑνειίοξ

243 840 369 883 habet
394 840 491 887 vim,
520 837 623 880 illud
655 837 896 879 factitivam.
953 836 1016 880 De
1044 844 1112 881 eta
1140 837 1266 894 paulo
1294 843 1389 895 post
1417 836 1587 881 dicetur.
1650 828 1695 880 Ti
1713 834 1721 876 s

242 909 308 961 εἶς
345 899 409 951 ἦ
446 904 689 960 δισύλλαβα
727 903 1073 963 παραληγόμενα
1105 899 1437 964 ἰ-ἐκτεταμένῳ
1469 905 1720 964 ,Bapbve‘coeff

244 974 387 1025 κλίνω,
419 971 563 1030 κρίνω,
595 972 726 1023 πίνω,
756 971 861 1015 σίνω
888 972 987 1016 Arc.
1004 973 1099 1015 160.
1127 974 1196 1029 qui
1226 971 1376 1030 φθίνω
1404 972 1594 1016 vocalem
1622 966 1714 1037 hrq

242 1056 335 1087 vem
360 1041 515 1083 hahere
544 1039 802 1095 pronunciat,
833 1036 935 1082 τίνω
957 1040 1200 1097 ancipitem3
1229 1037 1399 1083 verbum
1419 1038 1525 1083 ὀίνω
1544 1035 1723 1113 circuni?

243 1109 362 1152 flexis
394 1107 636 1150 adnumerat
663 1104 715 1147 τὸ
747 1105 877 1147 δεινῶ
914 1108 1191 1162 περισπᾶται
1229 1103 1302 1148 ὅτι
1333 1102 1495 1156 δεινός,
1533 1118 1608 1162 pro
1637 1115 1725 1162 qut

246 1177 389 1225 δεῖνος
422 1171 550 1216 scribi
580 1177 759 1228 oportet3
797 1183 894 1213 nam
925 1171 977 1213 ab
1017 1172 1221 1226 adjectivo
1253 1172 1382 1215 oritur
1410 1171 1582 1216 verbum
1609 1158 1701 1237 tert}
1719 1216 1727 1227 Ἀ

244 1242 402 1287 ordinis
433 1235 602 1282 ὁεινόω.
660 1235 813 1279 Verum
844 1250 870 1279 a
898 1236 1002 1280 ὁίνω
1038 1239 1268 1296 composita
1298 1244 1392 1281 sunt
1417 1237 1649 1294 Περιέὸινε
1679 1232 1727 1285 uss

242 1305 565 1364 Περιὸίνεσθαι
604 1303 1010 1361 περιστρέφεσθαι,
1049 1306 1263 1362 ipsumque
1301 1301 1528 1359 δινόμενος
1567 1303 1722 1364 legit..

245 1375 352 1432 apud
380 1370 680 1415 Callimachum
709 1384 746 1414 v.
779 1371 831 1412 ad
847 1369 993 1413 Buttm.
1012 1370 1107 1414 154.
1140 1378 1180 1414 et
1210 1369 1337 1414 ὁίννω
1367 1369 1570 1414 aeolicum
1589 1369 1676 1414 Cho
1688 1390 1695 1407 ι.
1712 1421 1719 1423 ,

243 1442 447 1485 roboscus
474 1437 593 1481 affert
612 1437 748 1480 Cram.
767 1436 860 1478 190.
892 1436 1082 1493 doctique
1107 1439 1150 1480 in
1171 1436 1363 1494 Sapphus
1392 1437 1476 1480 oda
1504 1438 1719 1484 restitum!

243 1525 282 1555 v.
298 1509 465 1553 Ahrens
493 1507 593 1549 dial.
614 1506 701 1548 dor.
718 1504 815 1547 541.
856 1503 969 1548 Γίνω
994 1505 1120 1563 παρὰ
1140 1505 1190 1549 τὸ
1221 1505 1372 1562 γίγνω·
1403 1504 1453 1548 τὸ
1478 1495 1705 1566 ἰ-μακρόνῑ

244 1577 300 1621 τὰ
332 1575 417 1632 γὰρ
451 1571 678 1627 θεματικὰ
716 1568 843 1629 ἡνίκα
873 1566 1166 1626 ἇποβάλλωσι
1201 1569 1459 1628 σύμφωνον,
1495 1569 1561 1623 εἷς
1589 1571 1682 1629 φύσ

244 1640 417 1699 μακρὸν
445 1634 761 1694 μεταβαίνουσι
788 1634 884 1678 ΕΜ.
904 1637 1001 1686 232,
1025 1638 1095 1680 21.
1123 1637 1285 1681 scilicet
1308 1635 1462 1713 ζᾷἕῑερ
1490 1636 1541 1682 τὸ
1571 1655 1663 1693 γιγν
1687 1623 1707 1652 ’

247 1727 339 1755 σκω
370 1708 463 1763 ἅμα
483 1709 539 1766 τῇ
563 1702 773 1764 ἀποβολῇ
801 1708 882 1766 τοῦ
899 1696 936 1761 ’ᾦ
963 1704 1153 1763 ἐξετάθη
1181 1720 1219 1764 p.
1234 1698 1423 1758 473250.
1452 1713 1716 1759 nam-natur¹

244 1778 371 1821 breve
403 1787 498 1818 esse
538 1773 704 1816 edicunt
731 1771 855 1815 Drac.
874 1773 942 1824 32,
973 1773 1012 1815 7.
1046 1773 1118 1816 ubi
1151 1772 1281 1817 θέσει
1305 1773 1541 1816 mutandum
1570 1774 1614 1816 in
1639 1755 1709 1831 Pu

246 1860 328 1889 σει.
391 1841 608 1883 Ψίνεσθαι
639 1852 719 1895 quo
750 1838 1064 1896 Theophrastus
1095 1840 1219 1883 utitur
1246 1839 1297 1883 tle
1326 1841 1427 1884 vitio
1454 1840 1632 1897 quodam
1689 1839 1711 1896 ’ᾗ

243 1913 357 1960 tium,
386 1921 470 1951 non
497 1905 662 1949 differre
693 1918 718 1947 a
738 1904 989 1962 φθίνεσθαι
1011 1906 1210 1963 probatur
1232 1906 1436 1963 adJ'ectivo
1457 1902 1646 1962 ψινάδες
1703 1951 1705 1954 Α

246 1974 406 2034 ῥυάδες
436 1969 642 2026 ἄμπελοι,
677 1984 782 2028 quae
813 1972 986 2014 eaedem
1016 1970 1237 2029 φθινάδες
1261 1977 1463 2017 vocantur
1490 1986 1532 2016 v.
1559 1971 1672 2015 Diss.
1705 1993 1714 2031 ,ν

247 2043 284 2098 §.
313 2042 353 2084 9.
399 2039 475 2082 sed
515 2038 694 2081 fortasse
733 2035 953 2093 ψίνεσθαι
998 2044 1037 2080 et
1074 2036 1298 2093 ψινάζειν,
1342 2039 1451 2096 quod
1488 2037 1671 2094 Hesychi

248 2106 463 2165 ἀπορῥεῖν
493 2110 532 2147 et
555 2103 848 2162 φυλλοῤῥοεῖν
876 2104 1177 2160 interpretatur,
1204 2105 1471 2161 peculiariter
1491 2105 1602 2148 dicta
1631 2105 1728 2161 sunit

249 2176 299 2218 de
330 2171 501 2216 floribus
532 2170 728 2226 foliisque
760 2168 943 2221 caducis,
972 2182 1078 2226 quae
1100 2170 1395 2215 destillantium
1415 2171 1681 2215 similitudine

245 2239 467 2300 praebent,
512 2236 589 2279 illa
627 2235 819 2292 generali
859 2236 1161 2292 significatione
1198 2236 1441 2283 tabescendi
1474 2241 1684 2296 proprieta

247 2308 426 2365 quadam
453 2306 544 2348 soni
573 2305 902 2360 circumscripta,
932 2317 1015 2359 qua
1045 2305 1127 2347 vim
1159 2303 1276 2347 verbi
1306 2301 1486 2360 ψιάζειν
1515 2306 1542 2348 i.
1572 2319 1611 2362 q.
1638 2313 1680 2362 ψ
1707 2325 1710 2328 <

249 2366 396 2428 κάζειν
442 2378 758 2427 consequuntur.
824 2368 1028 2413 Incertum
1071 2377 1135 2414 est
1179 2370 1288 2427 quod
1329 2369 1562 2427 Hesychius
1605 2371 1686 2415 offe

234 2437 399 2494 Ἔζινεν
430 2438 652 2492 ἐσβέννυεν
680 2444 763 2480 tum
791 2450 866 2494 per
895 2450 941 2480 se
971 2443 1055 2480 tum
1080 2444 1253 2495 propter
1279 2439 1622 2495 propinquitatem
1649 2452 1675 2495 p
1726 2469 1728 2497 5

244 2506 469 2564 rispomeni
491 2501 645 2555 Ἕξίνει
674 2505 774 2558 (sic)
806 2503 1039 2557 ἐσβέννυεν.
1097 2503 1281 2565 Duarum
1299 2503 1556 2560 syllabarum
1579 2517 1676 2548 num
1702 2519 1713 2546 ,τ

246 2588 335 2617 rum
373 2584 478 2629 quae
519 2570 742 2622 excedunt,
788 2583 1008 2627 paragoga
1045 2576 1138 2614 sunt
1179 2567 1336 2627 ὀρίνω,
1380 2567 1521 2616 ὠδίνω
1557 2577 1701 2629 praet.

250 2637 404 2691 ἇλίνω,
460 2637 570 2694 quod
613 2635 772 2681 Coraes
818 2637 980 2693 quidem
1024 2637 1078 2681 ad
1122 2636 1251 2695 Isocr.
1289 2637 1385 2681 299.
1431 2652 1523 2685 cum
1564 2633 1711 2694 ἷίλεσ·

339 2775 398 2818 21)
433 2772 670 2820 Στεινόμενοι
694 2771 844 2821 ὀδύνῃσι
869 2771 1027 2820 Oppian.
1056 2773 1139 2810 Hal.
1161 2773 1187 2811 1.
1214 2773 1292 2809 484.
