1728 3120
228 188 328 235 284
644 182 1110 228 DISSERTATIO
1153 183 1282 229 XVII.

228 296 354 353 παρὰ
381 295 429 339 τὸ
470 294 563 339 &ww
593 294 643 337 τὸ
676 292 914 338 ἆκολουθῶ
943 295 1038 340 ΕΜ.
1069 297 1437 356 πῦρ-πυρσός,
1474 301 1583 358 quod
1614 303 1699 358 pri·-

228 363 356 405 mitivi
383 363 447 403 sui
478 361 822 416 significationem
845 371 1061 419 recuperat
1091 365 1388 421 compositione
1409 365 1696 424 πυρσοτόκος,

227 425 512 484 πυρσογενής,
543 426 708 484 ῥαιβός,
740 426 890 485 ῥαψός
919 436 958 472 et
987 428 1169 488 ῥαμψός
1199 428 1431 485 καμπύλος
1445 429 1543 476 Hes.
1573 434 1698 489 72⁶5·-

229 510 305 545 κος
333 494 503 548 γλεῢξις
530 507 603 536 seu
633 493 790 548 γλύξις,
817 492 1009 548 μόριμος
1033 495 1264 553 μόρσιμος,
1297 493 1413 548 ὠκύς
1438 494 1563 556 (ἀπή)
1593 496 1700 550 ὀξύς

226 575 265 603 v.
295 559 502 603 Wernick.
535 561 587 603 ad
618 560 771 618 Tryph.
800 575 838 604 v.
861 562 954 604 192.
986 569 1025 605 et
1054 561 1204 620 φοξός.
1261 562 1313 606 Et
1338 564 1525 619 eiusdem
1549 564 1698 608 literae

227 629 458 670 interventu
495 627 696 670 interdum
743 629 864 670 etiam
903 627 1033 671 verba
1076 642 1102 671 a
1139 630 1278 673 verbis
1323 630 1570 675 derivantur.
1635 634 1697 674 Dc

227 692 434 751 πορσύνω
465 695 628 750 quidem
659 695 887 751 disceptant
922 702 1054 738 utrum
1085 709 1111 738 a
1141 694 1283 753 πόρος
1311 697 1537 754 profectum
1563 699 1618 740 sit
1645 711 1698 740 an

229 760 283 803 ab
317 761 480 804 aeolico
509 761 644 804 futuro
674 759 844 818 πόρσω,
873 762 981 817 quod
1011 775 1083 818 pro
1114 775 1159 804 se
1183 764 1270 818 .ipsi
1299 762 1454 819 fingunt
1480 761 1576 806 EM.
1601 763 1697 813 683,

227 827 295 870 45.
330 826 426 870 Sch.
458 825 560 884 Opp.
590 827 638 870 H.
664 827 692 870 I.
720 827 815 871 742.
876 827 961 871 Sed
993 829 1118 882 ὁέψω
1147 842 1230 872 non
1259 836 1412 872 temere
1441 842 1534 873 cnm
1561 830 1698 886 δέφω,

227 900 269 936 et
299 893 397 951 ἕψω
429 908 520 937 cum
549 894 698 951 πέψαι
731 894 831 936 mihi
871 896 1154 951 composuisse
1194 895 1337 939 videor
1374 895 1427 939 ad
1454 895 1600 940 Buttm.
1629 896 1697 939 46.

226 962 309 1016 quo
336 960 431 1004 loco
464 961 580 1003 illam
610 975 770 1017 quoque
796 961 1028 1018 pleonasmi
1067 962 1246 1017 speciem
1280 963 1416 1018 attigi,
1455 963 1522 1006 cui
1550 962 1694 1005 Gram-

227 1027 369 1069 matici
393 1021 504 1078 ἷξον,
540 1023 713 1084 ἤνειξα,
749 1025 891 1079 εἴξασι
922 1028 1141 1083 subjiciunt
1166 1028 1218 1071 cf.
1250 1027 1427 1072 Ahrens.
1459 1028 1559 1072 dial.
1590 1029 1698 1077 aeol.

228 1092 325 1135 174.
368 1092 654 1136 Gonsonarum
674 1093 902 1137 cliticarum
929 1097 1052 1137 tertia
1081 1096 1260 1137 cernitur
1286 1109 1369 1139 non
1393 1095 1527 1139 solum
1552 1096 1595 1138 in
1626 1095 1700 1138 adn

222 1160 403 1215 jectiviS,
439 1157 575 1212 δετός,
606 1158 783 1217 φθιτός,
814 1174 985 1217 quorum
1004 1161 1298 1204 inenarrabilis
1322 1163 1455 1219 copia,
1483 1162 1558 1206 sed
1575 1163 1700 1204 etiam

228 1229 272 1268 in
302 1225 570 1269 substantivis
599 1225 772 1283 Λρατοί
810 1225 854 1269 οἳ
892 1223 1126 1284 ὀφθαλμοί
1153 1226 1248 1270 ΕΜ.
1286 1225 1433 1281 μάτος,
1465 1225 1491 1286 ἢ
1523 1225 1700 1284 ζήτησις

231 1293 378 1336 Galen.
401 1292 539 1336 Gloss.
572 1293 680 1349 quod
710 1293 928 1335 masculini
959 1293 1134 1335 similius
1161 1295 1324 1337 videtur
1351 1307 1474 1351 quam
1500 1295 1697 1343 neutrius,

227 1357 356 1410 νότος
387 1366 557 1410 ventus⁷
588 1361 703 1414 cujus
731 1362 937 1416 proprium
968 1367 1031 1402 est
1060 1360 1267 1416 epitheton
1293 1362 1485 1404 madidus
1516 1373 1542 1402 a
1569 1360 1697 1404 verbo

226 1429 290 1468 u&
317 1427 364 1468 τὸ
394 1425 479 1483 ῥέω
507 1432 550 1468 ut
578 1439 702 1482 supra
732 1426 815 1469 dixi
839 1425 952 1469 Diss.
968 1425 998 1468 Ι.
1023 1426 1059 1481 §.
1076 1427 1114 1469 7.
1141 1425 1280 1479 μίτος,
1309 1424 1477 1483 κρότος,
1505 1439 1532 1469 a
1558 1426 1700 1471 verbis

228 1492 461 1535 thematieis
500 1489 660 1543 πότος,
703 1490 909 1548 στρότος,
931 1495 998 1547 ²⁵)
1029 1505 1055 1535 a
1091 1506 1175 1535 non
1211 1493 1325 1549 puris
1357 1490 1519 1550 ῥάκτος
1555 1493 1598 1535 id
1636 1500 1700 1536 est

229 1556 410 1616 φάραγξ
437 1558 535 1601 Hes.
565 1556 782 1614 σκηπτός,
824 1560 939 1614 quus
970 1571 1157 1602 consona
1190 1559 1335 1602 ultima
1363 1558 1418 1602 ad
1446 1560 1700 1603 terminatio-

229 1639 324 1669 nem
356 1627 531 1682 pertinet
556 1630 597 1667 ut
620 1626 662 1666 in
693 1625 895 1681 κλέπτης,
928 1622 1099 1683 ῥάπτης
1117 1639 1155 1669 v.
1171 1624 1327 1669 Parall.
1342 1624 1438 1668 348.
1469 1631 1510 1669 et
1529 1638 1556 1669 a
1574 1625 1698 1684 φέρω

228 1690 399 1750 φόρτος
431 1692 506 1734 sed
536 1691 716 1734 indidem
748 1689 922 1749 φερτός,
953 1705 1048 1734 nam
1081 1692 1286 1748 adJectiva
1314 1699 1483 1736 servant
1510 1691 1698 1736 vocalem

227 1759 461 1815 praesentis
479 1756 656 1810 σεπτός,
685 1756 914 1815 στρεπτός,
945 1756 1146 1816 θρεπτός
1175 1762 1266 1802 sine
1293 1758 1380 1802 u‘llo
1399 1765 1591 1816 respectu
1607 1772 1701 1815 per-

227 1826 327 1869 fecti
354 1827 512 1881 passivi
542 1825 811 1880 τέθραμμαι,
843 1823 1106 1883 ἔστραμμαι.
1161 1824 1512 1881 Diphthongorum
1535 1826 1701 1869 vicissi-

228 1895 324 1937 tudo
355 1894 472 1936 nulla
510 1901 676 1950 praeter
712 1895 821 1950 quod
855 1884 912 1937 Z
943 1901 983 1937 et
1017 1886 1065 1938 H
1091 1901 1184 1938 ante
1221 1886 1278 1952 ᾗ
1313 1901 1480 1952 propter
1506 1896 1700 1938 inconse—

228 1962 437 2017 quentiam
475 1961 526 2003 ad
562 1962 743 2016 speciem
779 1961 951 2016 perfecti
981 1963 1138 2016 passivi
1178 1961 1499 2005 accomodantur
1524 1957 1697 2017 χαρτός,

227 2025 440 2083 σπαρτός,
471 2025 689 2081 φθαρτός,
721 2022 951 2081 ειμαρτός,
986 2024 1176 2082 ἱμερτός,
1207 2024 1394 2082 ἕγερτός,
1424 2027 1499 2069 sed
1529 2027 1582 2069 ab
1613 2026 1700 2069 alia

227 2093 402 2150 perfecti
437 2092 572 2134 forma
612 2090 841 2150 ἐγρηγορτί
878 2098 917 2133 et
954 2090 1132 2147 μορτός.
1150 2091 1364 2157 Cete—rae
1403 2092 1643 2148 diphthongi
1673 2106 1699 2136 a.

227 2161 367 2205 verbis
394 2163 437 2203 in
463 2177 527 2216 ρω
463 2150 795 2203 —exeuntibus
826 2159 994 2211 absunt3
1026 2167 1119 2211 ante
1153 2178 1220 2212 κτ,
1255 2177 1315 2203 πτ
1345 2166 1385 2207 et
1412 2177 1466 2204 στ
1492 2160 1608 2204 nulla
1637 2167 1701 2204 est

229 2242 335 2285 quae
361 2229 587 2271 consistere
607 2240 690 2270 non
710 2228 853 2283 possit
883 2222 1096 2277 α’ὁεικτος,
1130 2225 1364 2278 ἕπίεικτος,
1389 2222 1553 2278 εὐκτός,
1583 2223 1698 2271 ἅπα-

229 2294 488 2352 ράλειπτος,
524 2291 735 2350 φευκτάς,
771 2288 917 2343 οἶκτος
947 2293 999 2335 ab
1031 2290 1135 2345 οίζω
1166 2299 1206 2335 et
1237 2290 1407 2349 ειρκτή,
1440 2306 1546 2349 quae
1577 2295 1699 2336 unica

230 2370 324 2406 sunt
338 2363 456 2418 hujus
475 2362 777 2404 terminationis
803 2361 1082 2412 substantiva3
1101 2367 1114 2387 ²
1129 2363 1169 2415 e)
1190 2351 1246 2404 ἀἶ
1265 2374 1363 2404 vero
1389 2374 1472 2405 non
1486 2363 1698 2418 reperitur,

232 2432 330 2486 quia
359 2443 410 2471 ne
435 2429 565 2472 verba
594 2429 768 2485 quidem.

322 2532 381 2576 25)
417 2532 447 2566 A
475 2543 567 2567 voce
599 2532 739 2566 aeolica
767 2530 882 2565 differt
906 2527 1054 2576 στρατός
1079 2535 1229 2564 accentu
1253 2529 1527 2574 periecticorum
1550 2524 1698 2573 proprio

232 2595 268 2624 et
291 2589 457 2634 enallage
487 2589 646 2632 vocalis,
680 2587 838 2633 quaein
868 2587 980 2621 latino
1015 2589 1184 2620 stratum
1215 2590 1378 2631 apparet.
1422 2584 1504 2620 Nos
1528 2583 1699 2620 Germani

231 2646 393 2679 similiter
415 2645 663 2690 stratopedum
686 2654 858 2680 vocamus
886 2642 1035 2687 Layw,
1059 2639 1284 2688 Heerlaqer.

323 2704 384 2747 26)
417 2703 535 2738 Etiam
569 2703 829 2749 adjectivorum
859 2701 893 2735 in
929 2691 1011 2739 {ez—o}
1046 2706 1082 2734 et
1111 2713 1200 2739 πτος
1231 2701 1338 2746 copia
1367 2711 1440 2748 non
1471 2710 1601 2746 magna
1630 2705 1697 2743 est,

234 2770 429 2805 eorumque
464 2759 636 2795 nonnulla
664 2758 918 2805 diphthongum
948 2768 1026 2792 cum
1053 2756 1172 2792 vocali
1205 2760 1439 2801 commutant,
1474 2766 1546 2792 non
1582 2756 1698 2793 solum
