1708 3126
225 180 289 225 52
672 169 1158 216 DISSERTATIO*
1187 170 1255 214 Ill.

336 288 765 329 Adnotamentum.
807 284 852 326 In
872 284 951 328 hoc
970 297 1137 328 numero
1154 284 1274 340 plura
1290 289 1383 326 sunt
1399 295 1506 340 qnae
1525 295 1662 339 gamm

223 357 267 397 in
281 364 506 410 progressu
522 351 782 394 formationis
712 364 1011 415 —accepere‚
1037 364 1087 394 ac
1103 352 1333 394 certissime
1349 350 1514 407 quidem
1529 349 1679 407 τμὴγω

226 423 340 477 cujus
363 420 568 462 elementa
598 427 691 462 sunt
719 437 787 471 τμ,
818 434 924 477 quae
953 420 1223 463 dirimuntur'
1212 433 1255 462 ln
1283 418 1508 473 τέμ-νω,
1540 418 1671 462 cohat·

223 494 391 531 rescunt
419 500 518 529 vero
550 493 642 528 ante
674 486 843 541 longam
873 487 1061 530 vocalem
1091 489 1248 542 τμῆσις
1276 493 1320 528 ut
1347 483 1498 538 κάμνω
1529 492 1568 528 et
1597 485 1674 529 κέκ

223 571 344 611 μηκα
365 561 440 596 etc.
492 551 623 609 Θήγω
645 567 671 595 a
699 553 793 596 θέω
815 551 930 604 θοός
958 560 1098 595 natum
1120 566 1216 596 esse
1245 551 1512 595 Buttmannus
1537 553 1676 595 censu'

223 620 358 664 Lexil.
388 620 436 661 ΙΙ.
467 620 534 662 65.
567 626 606 662 et
635 620 773 662 multIS
812 620 967 662 seculis
998 627 1091 662 ante
1132 633 1222 662 eum
1239 617 1346 661 EM.
1374 618 1570 670 45o‚.17.
1599 631 1682 674 pro·-

223 688 375 743 batque
413 687 621 729 nomiuum
654 682 756 737 ὀξύς
796 694 834 729 et
866 684 1002 738 ὠκύς,
1043 694 1189 729 acutus
1222 693 1263 728 et
1290 687 1512 739 acupedius
1539 686 1663 728 vicini

225 755 384 797 formae
401 760 441 796 et
456 752 786 808 significationis.
844 750 1012 808 Σμώγω
1046 755 1083 795 si
1113 758 1223 796 recte
1246 765 1292 796 se
1318 751 1455 803 habet,
1484 758 1596 795 certe
1611 755 1674 808 pri

223 822 406 864 mitivum
435 819 560 862 habet
588 818 715 873 σμάω
747 827 787 862 ut
816 816 979 876 σμήχω,
1009 816 1181 873 σμώχω,
1209 821 1324 875 cujus
1341 818 1675 862 metaschematit‘.

224 900 315 930 mus
353 887 561 928 recentior
602 886 764 928 videtur
799 883 958 939 σμώγω
1002 893 1044 928 ut
1089 884 1264 942 σμήγω,
1309 883 1452 942 ψύγω.
1525 882 1668 940 Φώγει

223 959 387 997 veteres
425 952 479 994 ad
516 949 619 1008 φάω
654 950 785 1008 φαύω
822 950 872 994 τὸ
918 951 1029 994 naim
1070 951 1268 1002 referunt,
1313 952 1420 994 unde
1465 952 1615 1008 φῷδες
1656 965 1680 994 e

225 1017 467 1076 φαύσιγγες
495 1018 549 1060 τὰ
590 1014 890 1071 ἄποκαύματα
920 1032 957 1061 v.
987 1016 1099 1061 Eust.
1125 1018 1222 1068 962,
1244 1017 1313 1060 42.
1344 1018 1491 1075 hisque
1520 1017 1671 1061 Vossiu

225 1088 269 1128 in
297 1084 429 1140 Etym.
462 1084 646 1139 adjungit
675 1084 808 1127 latina
832 1084 962 1135 focuS‚
993 1085 1150 1135 focillo,
1180 1084 1335 1136 fomes,
1364 1085 1534 1135 favilla,
1562 1083 1673 1128 Favo

225 1154 331 1195 nius.
389 1148 595 1206 Σπάρξαι
616 1151 718 1193 illud
739 1151 990 1194 homericum
1010 1164 1092 1194 non
1121 1151 1230 1194 ultra
1259 1154 1424 1208 σπεῖρα
1453 1152 1541 1196 sive
1570 1155 1697 1206 σπεῖῆ,

224 1234 302 1275 ρον
327 1217 474 1260 deduci
496 1223 630 1272 potest
653 1219 886 1272 (σπειροῦν
902 1220 1182 1274 σπαργανοῦν
1196 1217 1310 1261 Eust.
1337 1217 1404 1261 ad.
1416 1216 1537 1261 Dion.
1553 1216 1697 1272 1153.)

225 1284 300 1327 sed
338 1283 446 1339 quod
478 1282 710 1338 Hesychius
751 1283 966 1338 indagavit
1007 1281 1204 1339 σπάρξαι
1245 1281 1495 1340 σπαράξαι,
1539 1296 1565 1326 a
1594 1297 1648 1340 pu

226 1347 359 1394 σπάω
389 1349 626 1405 profectum.
651 1351 689 1403 ³)
754 1350 907 1405 Φλέγω
941 1349 1073 1404 flagro
1111 1349 1227 1404 fulgo
1257 1350 1435 1405 (fulgeo)
1477 1357 1654 1406 cognatu
1692 1396 1694 1398 ,

223 1417 385 1460 videtur
424 1429 514 1458 cum
545 1413 695 1472 φλεύω
733 1416 862 1459 aduro
902 1423 941 1458 et
977 1414 1190 1468 Φλασμός
1227 1418 1368 1473 τῦφος
1394 1415 1610 1460 Hes-nec
1637 1419 1703 1466 itt:

224 1483 352 1538 longo
382 1481 601 1525 intervallo
644 1490 878 1539 separatum
916 1495 942 1524 a
972 1482 1141 1539 φέγγω,
1179 1484 1241 1526 sic
1277 1489 1320 1525 ut
1347 1479 1404 1540 βή
1440 1496 1522 1527 vox
1560 1485 1699 1531 ovium

225 1557 265 1592 et
292 1546 429 1604 βληχή
459 1548 646 1599 balatus,
676 1547 916 1602 πετάννυμι
945 1546 1120 1604 πατάνη
1153 1554 1193 1590 et
1222 1546 1392 1600 πλατύς
1421 1549 1551 1601 latus,
1579 1547 1700 1594 aazia*

225 1614 349 1670 στιγξ
385 1614 496 1665 lanx,
518 1616 559 1667 4)
595 1610 870 1672 ὂλοφυγδών·
894 1622 934 1658 et
971 1613 1154 1671 φλυκτίς
1196 1610 1463 1671 ὃλοφλυκτίς
1497 1615 1615 1659 nulla
1650 1621 1708 1660 1⁸6³

225 1683 361 1736 magis
393 1679 582 1723 differunt
602 1694 723 1737 quam
751 1681 899 1724 literae
929 1681 1113 1737 liquidae
1136 1694 1312 1724 accessu
1340 1687 1381 1724 et
1397 1685 1591 1735 recessu3
1619 1691 1708 1735 ηοω

225 1748 372 1791 desunt
403 1747 509 1790 adeo
540 1748 609 1802 qui
640 1746 787 1803 φλύω,
820 1748 927 1790 unde
953 1746 1138 1805 φλυκτίς
1165 1753 1303 1790 natum
1332 1755 1494 1806 putatur
1531 1762 1574 1792 v..
1597 1748 1708 1812 Solu-3

224 1813 272 1857 Il.
302 1812 420 1855 XXI.
454 1814 551 1855 361.
577 1812 672 1854 EM.
704 1814 799 1856 796.
840 1820 879 1855 et
917 1811 1037 1870 φύω,
1073 1813 1180 1856 unde
1211 1811 1306 1870 φοά
1344 1811 1708 1871 ἐξάνθημαᾘθῦξῗ

223 1883 454 1941 propinqua
483 1881 731 1935 cognatione
762 1881 980 1935 conjuncta
1008 1879 1146 1922 dicant
1183 1879 1288 1924 forte
1329 1882 1591 1939 conspirante
1614 1882 1698 1938 He7

315 2018 353 2062 3)
378 2020 593 2064 Σπαργιόσα
625 2019 903 2065 σπαραττομένη
929 2017 1095 2052 Timaeus
1126 2018 1162 2053 in
1185 2017 1277 2053 Lex.
1328 2021 1597 2066 Σφαραγεῦντο
1621 2021 1700 2058 διε-ι,-

225 2078 386 2111 τείνοντο
421 2072 697 2122 ἐσπαράσσοντο
723 2074 844 2109 Schol.
874 2072 945 2109 od.
973 2073 1034 2109 lx.
1062 2072 1141 2108 390.
1177 2079 1328 2118 uterque
1363 2085 1410 2108 ex
1443 2079 1563 2120 etymo
1589 2077 1708 2123 intel-7.

225 2136 410 2177 pretatus3
437 2132 586 2176 proprie
613 2131 705 2166 enim
730 2130 793 2164 illa
817 2130 931 2165 verba
959 2127 1163 2176 significant
1187 2127 1366 2176 σφυγμόκ
1387 2130 1466 2165 sive
1491 2132 1634 2177 pulsum
1661 2137 1708 2185 eff

224 2187 497 2234 palpitationem
517 2188 740 2230 arteriarum,
767 2197 860 2231 quae
885 2197 930 2220 ex
955 2197 1101 2232 spasmo
1127 2185 1205 2220 sive
1222 2184 1394 2231 tentigine
1418 2185 1575 2222 existere
1591 2187 1708 2242 soletjj

224 2244 290 2279 sed
313 2243 424 2288 vulgo
449 2243 613 2277 dicuntur
659 2243 704 2277 de
731 2242 891 2276 mammis
916 2247 952 2276 et
980 2241 1146 2276 uberibus
1172 2242 1267 2276 lacte
1294 2241 1462 2278 distentis
1484 2249 1521 2278 et
1554 2250 1708 2291 turgeu

223 2301 331 2335 tibus.
382 2299 561 2334 Primitivi
579 2299 662 2333 loco
688 2309 786 2343 pono
805 2299 916 2342 σπᾷν,
941 2298 1036 2332 unde
1060 2299 1234 2344 σπαργᾷν
1256 2298 1402 2334 ductum
1417 2299 1573 2344 videtur,
1600 2300 1708 2353 quod}

223 2356 357 2391 Pollux
383 2354 410 2390 1.
437 2355 516 2390 230.
542 2366 620 2389 cum
646 2353 763 2401 ὀργᾷν
795 2352 981 2398 conjungit
1007 2358 1175 2398 tanquam
1200 2365 1439 2400 syuonymon.
1494 2357 1696 2403 Simplicio
1704 2360 1708 2392 1

223 2423 301 2447 rem
326 2412 476 2447 formam
505 2411 619 2446 refert
641 2414 787 2459 Σφριαί
817 2408 927 2457 ὀργαί
949 2409 1036 2444 Hes.
1066 2411 1249 2456 expletam
1279 2412 1444 2457 σφριγᾷν
1475 2411 1511 2446 id
1542 2417 1598 2447 est
1622 2418 1708 2448 tur

223 2479 310 2514 gere
334 2466 519 2514 ἀκμάζειν,
544 2467 642 2511 quod
656 2478 723 2502 nos
748 2467 896 2500 dicimus
914 2470 1090 2501 strotzen.
1139 2464 1318 2511 Ejusdem
1337 2464 1609 2512 significationis
1628 2469 1701 2508 sed

222 2524 404 2569 primitivo
438 2523 586 2570 propius
614 2529 670 2558 est
693 2524 860 2570 Σᾳυδῶν
891 2519 1037 2570 ἰσχυρός
1068 2520 1246 2570 εὔρωστος
1269 2528 1307 2557 et
1329 2524 1599 2570 Διασφυδῶσαι
1623 2523 1696 2559 αὐ-

222 2582 326 2625 ξῆσαι
350 2579 423 2616 ἀπὸ
448 2582 512 2616 τοῦ
535 2576 695 2626 σφύζειν.

313 2637 351 2681 4)
377 2636 484 2671 Lanx
510 2646 602 2680 quae
626 2635 662 2669 in
681 2646 808 2669 mensa
832 2634 1036 2680 apponitur,
1060 2632 1202 2678 πατάνη
1226 2634 1440 2678 nominatur,
1465 2635 1551 2670 lanx
1574 2632 1704 2674 librae}

221 2690 419 2738 πλάστιγξ,
443 2699 632 2758 utrumque
655 2703 678 2725 a
701 2691 909 2733 latitudine,
938 2688 1037 2738 παρὰ
1062 2689 1100 2725 τὸ
1125 2692 1278 2726 πλατεῖα
1303 2687 1408 2733 εἶναι,
1442 2689 1621 2737 πλάστιγξ
1646 2688 1705 2729 δὲ”ἶ

222 2747 243 2791 ἡ
266 2746 397 2793 μάστιξ
415 2746 515 2795 niqui«
541 2747 580 2782 τὸ
606 2745 780 2792 πλήσσειν
793 2746 882 2782 ΕΜ.
1684 2737 1707 2801 ᾗ
