1728 3120
245 212 343 258 236
675 201 1141 247 DISSERTATIO
1184 203 1294 247 xlv.

244 322 400 364 idcirco
441 315 631 374 γηραίνω
669 323 709 359 et
745 314 932 360 νοσαίνω
968 330 1041 374 pro
1076 318 1238 361 testatis
1279 315 1490 360 habenda>
1518 347 1521 351 «
1550 315 1637 360 Sed
1676 333 1701 369 ε,

243 385 457 441 barytonis
484 383 588 426 talia
623 383 803 426 derivari
834 390 1072 427 consuetum
1101 385 1254 436 fuisse,
1294 385 1408 427 satis·
1427 383 1701 428 confimatun'

243 460 318 496 est.
375 449 479 493 Num
504 463 530 493 a
558 451 858 507 perispomenis
886 463 1060 507 quoque,
1090 451 1268 494 dubitari
1295 450 1406 494 licet.
1462 447 1574 495 Nam·
1595 463 1702 508 quau,

242 522 285 562 in
318 517 413 560 EM.
445 517 546 567 101,
575 517 643 559 20.
680 524 719 560 et
754 515 866 560 Eust.
893 517 995 567 792,
1024 518 1091 561 30.
1128 519 1172 561 in
1213 517 1321 561 hanc
1358 531 1444 563 rem
1483 517 1684 563 afferuntu

242 585 431 642 exempla
459 582 584 640 ὅρμιῦ
601 581 812 642 ὁρμαίνει),
841 582 944 639 ὑφιῦ
970 582 1155 642 ὑφαίνω,
1186 585 1335 643 κραὸῶ
1353 582 1573 641 (κραδάω)
1598 601 1687 642 κραι

243 653 391 704 daim,
422 648 514 695 ἀλῶ
544 648 728 701 diotimo,
760 652 909 694 λυσσῶ
937 649 1173 701 λυσσαίνω,
1203 649 1312 694 οἶδῶ
1342 648 1534 701 officim,
1564 665 1688 695 corun

240 720 437 778 pleraque
468 731 494 761 a
519 717 752 761 nominibus
783 714 909 774 ὁρμή,
940 716 1079 762 λύσσα
1106 725 1182 762 etc.
1213 718 1335 762 ducta
1359 718 1690 776 videntunrqua«

243 794 377 830 autem
404 786 557 829 nullius
586 786 765 828 nominis
786 784 981 828 affinitate
1002 786 1288 841 continguntur
1311 791 1354 829 ut
1376 784 1599 840 λιχμαίνω,
1629 802 1707 843 κη·

242 853 396 906 λαίνω,
425 853 542 896 nulla
571 865 701 896 causa
729 859 792 895 est
821 865 893 895 cur
923 866 949 895 a
977 850 1164 906 λιχμάω,
1197 851 1337 907 κηλέω
1366 859 1458 896 orta.
1484 865 1691 896 sumamus

243 935 365 978 quum
402 928 612 977 utrumque
651 932 782 975 genus
825 932 875 962 ex
903 933 948 963 se
987 920 1108 963 nasci
1144 921 1332 976 potuerit.
1389 917 1532 977 Neque
1571 919 1707 963 solum

242 988 372 1032 verba
406 989 562 1045 primae
606 994 645 1030 et
682 986 889 1030 secundae
933 988 1235 1043 conjugationis
1278 1000 1369 1031 cum
1404 988 1483 1038 iis,
1519 999 1625 1044 quae
1649 987 1694 1029 .i1

244 1075 352 1103 αινω
379 1059 666 1107 terminantur,
706 1055 1006 1111 significatione
1034 1059 1279 1100 conveniunt
1308 1057 1384 1100 sed
1412 1057 1536 1101 etiam
1558 1056 1710 1099 tertia(⁴

244 1122 413 1169 κυλλόω
444 1122 678 1172 κυλλαίνω,
709 1120 878 1179 κυρτόω
910 1123 1144 1180 κυρταίνω,
1173 1121 1346 1179 λορδόω
1371 1121 1614 1179 λορδαίνω,
1638 1136 1713 1166 σι-·’

241 1189 340 1247 μόω
369 1188 555 1245 σιμαίνω
573 1189 702 1248 Epim.
725 1189 860 1232 Cram.
877 1188 907 1231 I.
925 1190 1019 1233 138.
1047 1203 1180 1246 neque
1202 1189 1309 1233 haec
1337 1190 1458 1234 modo
1488 1189 1563 1234 sed
1581 1191 1707 1232 etiam

242 1256 455 1316 λιστρεύω
486 1255 743 1313 λιστραίνω,
785 1254 1113 1314 τρυφερεύομαι
1145 1257 1517 1314 τρυφεραίνομαις
1555 1263 1596 1299 et
1623 1269 1718 1305 non-2

241 1339 346 1383 pura
383 1322 598 1377 ἆσθμάζω
637 1329 677 1366 et
715 1325 921 1380 antiquius
952 1320 1206 1377 ἆσθμαίνω,
1243 1321 1476 1378 λιτάζομαι
1512 1321 1708 1374 λιταίνω.

242 1390 436 1447 λεσχάζω
465 1388 694 1444 λεσχαίνω,
724 1386 951 1442 ὂλισθάζω
979 1385 1236 1441 ὅλισθαίνω,
1269 1387 1542 1445 κατασιγάζω
1573 1405 1707 1432 καταω

244 1457 444 1515 σιγαίνω,
485 1454 644 1514 ὄργίζω
674 1452 877 1512 ὄργαίνω.
936 1455 1043 1508 Quin
1072 1458 1195 1500 etiam
1223 1458 1479 1514 reperiuntur
1505 1455 1714 1500 nonnulla·

240 1526 392 1583 triplici
414 1524 523 1568 flexu
547 1525 710 1568 variata
729 1523 951 1577 δοκιμάζω
978 1522 1172 1579 ὁο-κιμόω
1204 1522 1515 1578 ὄοκιμαίνομαι
1530 1530 1572 1567 et
1597 1536 1703 1580 quae

242 1606 369 1650 supra
398 1590 509 1634 G.11.
527 1591 562 1646 ξ.
586 1590 626 1633 4.
654 1590 818 1648 prolata
848 1597 953 1643 sunt,
981 1598 1025 1633 ut
1053 1604 1106 1634 ea
1138 1597 1347 1634 transeam
1376 1603 1547 1648 quorum
1575 1592 1713 1647 signi-

240 1661 456 1704 ficationes
489 1658 724 1714 discrepant
756 1664 799 1700 ut
830 1656 1162 1714 γλισχραίνομαι
1197 1664 1236 1701 et
1265 1655 1594 1716 γλισχρεύομαι,
1633 1673 1708 1701 uv-

244 1728 355 1771 κλέω
386 1723 555 1770 κυκλόω
588 1722 779 1768 κυκλεύω
813 1722 1010 1777 κυκλάζω
1042 1724 1270 1777 κυκλαίνω,
1302 1724 1468 1782 aliaque
1495 1724 1706 1769 intellectu

242 1793 420 1837 neutrali
454 1799 493 1835 et
527 1792 710 1835 factitivo
742 1791 934 1842 discreta,
965 1788 1134 1844 ἆλεάζω
1166 1788 1366 1842 ἅλεαίνω,
1395 1789 1598 1850 πικράζω
1631 1807 1707 1836 πι-

244 1859 361 1917 κρόω
391 1857 622 1915 πικραίνω,
652 1858 702 1901 de
723 1872 803 1915 quo
823 1871 977 1912 genere
1002 1858 1127 1902 latius
1157 1860 1306 1916 scripsi
1335 1859 1389 1902 ad
1409 1858 1477 1915 Aj.
1499 1873 1538 1916 p.
1553 1858 1648 1902 383.
1665 1860 1707 1914 ⁴)
1727 1876 1728 1883 ¹

242 1926 294 1970 Et
329 1940 469 1970 eorum
507 1939 686 1981 quoque,
725 1938 830 1981 quae
863 1925 985 1967 nobis
1016 1939 1246 1981 synonyma
1281 1926 1489 1978 videntur,
1526 1927 1707 1970 fortasse

243 2006 327 2036 non
354 2000 437 2035 tam
468 1992 652 2047 perfecta
675 1991 750 2033 fuit
779 1991 1003 2034 similitudo
1034 1999 1077 2034 ut
1106 2006 1268 2049 semper
1296 2000 1336 2036 et
1366 1993 1418 2036 ab
1449 1993 1638 2037 omnibus
1668 1998 1709 2038 et

244 2060 391 2103 eodem
423 2060 515 2114 Jure
553 2058 659 2099 inter
695 2070 742 2099 se
783 2059 1023 2100 commutari
1055 2065 1237 2114 possent.
1296 2058 1383 2101 Sed
1414 2066 1580 2116 propter
1604 2073 1708 2116 pau-

246 2128 410 2170 citatem
430 2123 706 2180 exemplorum
730 2123 966 2180 plerumque
995 2126 1039 2167 in
1067 2126 1223 2168 incerto
1252 2125 1495 2183 relinquitur
1522 2139 1627 2183 quae
1655 2128 1710 2170 sit

245 2194 439 2249 cujusque
476 2193 776 2234 terminationis
810 2193 978 2248 propria
1009 2198 1196 2249 potestas
1233 2199 1272 2235 et
1307 2192 1444 2249 quoad
1479 2194 1642 2236 termini
1681 2207 1710 2237 a

244 2267 392 2303 natura
417 2258 482 2301 fixi
522 2271 633 2302 nova
668 2265 708 2302 et
745 2260 1030 2302 commenticia
1068 2260 1333 2316 usurpatione
1362 2259 1585 2316 perturbati
1614 2262 1708 2304 sint.

243 2327 332 2370 Huc
372 2325 570 2370 accedunt
608 2332 820 2382 poetarum
852 2328 1146 2378 necessitates3
1181 2339 1278 2369 nam
1316 2326 1413 2369 aliis
1450 2329 1631 2371 numeris
1668 2333 1710 2371 et

246 2394 343 2437 aliis
374 2406 565 2436 versuum
602 2392 709 2435 locis
742 2395 930 2436 convenit
961 2391 1245 2445 ὁυςμεναίνω,
1285 2393 1381 2436 aliis
1415 2390 1625 2448 εὖμενέων
1654 2394 1706 2438 cf.

247 2462 301 2504 ad
328 2460 473 2503 Buttm.
502 2459 530 2501 l.
554 2472 590 2502 c.
634 2458 785 2502 Verum
803 2460 853 2503 de
881 2460 961 2504 hoc
989 2462 1104 2504 satis.
1162 2458 1293 2503 Venio
1322 2473 1431 2504 nunc
1458 2461 1514 2504 ad
1545 2463 1708 2504 tertium

338 2633 375 2676 4)
408 2634 551 2666 Κεαίνω
576 2642 642 2676 pro
666 2628 775 2672 κεάζω
811 2631 940 2666 dictum
974 2631 1054 2665 esse
1078 2629 1321 2666 Schneiderus
1345 2630 1467 2666 sumsit
1499 2642 1543 2666 ex
1570 2631 1708 2669 Aelian.

246 2689 291 2724 H.
317 2689 383 2723 An.
411 2687 510 2723 XIV.
536 2687 568 2722 8.
600 2685 639 2722 τὸ
674 2689 829 2734 δένδρον
862 2684 1085 2732 ὐποσήπεται
1113 2687 1205 2733 μὲν,
1239 2687 1389 2735 ἀχρεῖον
1418 2689 1463 2723 δέ
1490 2688 1566 2724 ἔστι
1596 2701 1708 2724 κατα-

249 2748 356 2788 κῆναι
379 2747 441 2779 καὶ
464 2744 636 2780 ἐκκαῦσαι
656 2743 753 2789 αὐτό,
779 2745 836 2780 ubi
857 2747 1064 2789 κατακῆναι,
1088 2744 1182 2790 quod
1205 2744 1265 2780 ille
1290 2745 1327 2781 in
1350 2747 1565 2791 κατακεῆναι
1581 2745 1707 2781 mutari

246 2802 370 2847 jubet,
396 2807 511 2836 ortum
539 2806 595 2836 est
620 2812 664 2836 ex
692 2803 950 2846 κατακοπῆναι.
