1728 3120
249 176 312 223 96
693 164 1152 210 DISSERTATIO
1195 166 1259 210 IV.

249 291 317 329 aut
342 279 526 339 pluribus
552 284 821 333 contorquere
845 291 883 321 v.
915 276 1156 323 Schneider.
1186 281 1239 323 ad
1262 278 1385 338 Orph.
1415 279 1533 337 Arg.-
1536 294 1585 326 v.
1609 281 1664 325 50

244 367 281 410 p.
297 350 390 393 136.
436 345 522 388 Sed
552 345 621 400 qui
646 340 834 387 κλώθειν
865 351 905 388 et
923 343 1076 402 νήθειν
1103 346 1179 390 τὸν
1208 342 1424 403 ἄτρακτον
1450 361 1678 406 usurparunt

247 415 463 474 improprie
487 411 643 467 loquuti
673 416 777 452 sunt.
809 436 858 443 -
901 410 1052 455 Eorum
1085 427 1190 470 quae
1220 413 1512 471 diphthongum
1539 417 1581 458 in
1607 429 1685 472 pen

246 486 390 528 ultima
417 479 581 529 habent,
611 479 782 534 primum
803 485 865 520 est
895 476 1014 522 αι’θω
1036 479 1088 522 ab
1116 478 1209 524 αύω
1226 495 1309 525 non
1339 481 1464 538 longe
1483 490 1681 526 remotum

247 553 419 595 alterum
459 543 632 601 ἕρεύθω
667 543 945 589 Schneiderus
987 553 1026 589 et
1061 546 1263 591 Matthiae
1303 547 1490 592 Gramm-
1514 549 1610 592 584.
1653 562 1679 593 a.

245 616 357 675 ἑρύω
395 614 464 659 vel
503 610 640 669 ἑρεύω
678 619 892 655 arcessunt
932 614 1114 657 inaudito
1151 615 1312 670 quidem
1350 615 1446 668 illo,
1489 618 1562 660 sed
1595 616 1672 660 thet

242 694 380 729 tamen
407 695 489 725 non
519 680 626 723 altas
659 679 824 723 radices
859 680 998 735 egisse
1029 680 1172 736 colligi
1200 681 1298 725 licet
1326 695 1378 726 ex
1405 683 1683 740 congeneribu

243 752 418 798 rubeus,
455 747 602 798 robus,
641 746 777 797 rufus,
814 759 979 797 russuS‚
1013 760 1113 790 rosa
1142 745 1298 805 ῥόδον,
1330 746 1680 808 ῥόδεονέρυθρὸ

242 819 340 863 Hes.
379 815 528 859 Vocali
565 814 699 857 altera
741 820 854 856 caret
895 811 1052 869 ἱλαρὰν
1090 812 1309 871 ἐρύθοισα
1345 813 1538 874 παρειάν
1573 815 1624 860 Η.
1663 818 1674 860 i

242 887 329 929 Isin
367 898 404 927 v.
435 883 503 925 57.
545 881 653 938 quod
688 880 790 923 alibi
826 893 909 923 non
944 880 1133 935 legimus.
1199 886 1235 924 A
1279 882 1437 926 duobus
1474 882 1560 926 illis
1599 896 1677 940 qua

243 954 352 998 ultra
370 948 648 1007 imperfectum
668 961 750 991 non
772 954 992 998 moventur,
1028 947 1218 991 differunt
1248 948 1518 994 declinabilia
1541 949 1690 994 πείθω

245 1018 420 1069 κεύθω,
449 1013 700 1069 πεύθομαι,
739 1027 843 1070 quae
874 1013 1036 1070 epsilon
1065 1015 1228 1070 quidem
1257 1017 1300 1058 in
1339 1019 1496 1062 aoristo
1524 1017 1678 1060 secund

242 1095 282 1132 et
310 1089 353 1130 in
387 1083 590 1133 affinibus,
624 1078 877 1137 κυθηγενής,
908 1079 1169 1135 κυθώνυμος
1189 1084 1373 1127 amittunt
1401 1083 1477 1127 sed
1502 1083 1615 1127 theta
1634 1098 1683 1141 pe

245 1156 384 1199 omnia
420 1152 594 1194 retinent
631 1162 708 1191 nec
749 1147 875 1190 ullam
913 1148 1103 1191 thematis
1136 1151 1227 1206 puri
1261 1151 1538 1208 suspicionem
1578 1151 1707 1194 relin-

244 1227 368 1280 quunt
402 1224 567 1276 praeter
605 1215 712 1272 quod
743 1215 793 1258 de
830 1215 1048 1258 verborum
1088 1214 1237 1260 κεύθω
1267 1224 1307 1261 et
1334 1215 1424 1261 κύω
1458 1220 1704 1274 contagione

242 1290 421 1346 injicitur
448 1287 491 1327 in
508 1283 603 1325 EM.
635 1278 803 1333 άκυθος
830 1278 856 1340 ἡ
890 1278 1049 1334 ἄτοκος
1067 1285 1138 1336 ³⁷)
1170 1283 1296 1341 παρὰ
1328 1283 1378 1328 τὸ
1409 1282 1498 1329 κύω
1522 1303 1549 1343 η
1579 1284 1706 1343 παρὰ

241 1357 290 1400 τὸ
323 1353 448 1398 κύθω
485 1350 534 1394 τὸ
572 1347 750 1406 κρύπτω
787 1346 816 1406 ἢ
849 1348 898 1391 τὸ
931 1347 1070 1400 κύθος
1104 1348 1154 1392 τὸ
1187 1351 1386 1408 σπέρμα,
1423 1364 1498 1409 pro
1528 1366 1608 1410 quo
1639 1365 1704 1410 ap.

239 1421 489 1478 Hesychium
510 1419 702 1473 scriptum
720 1422 783 1458 est
804 1413 965 1458 κυθνόν
992 1414 1042 1458 τὸ
1073 1416 1396 1471 σπέρμα-καὶ
1423 1415 1706 1467 πολύκυθνον

241 1487 569 1543 πολύσπερμον,
600 1490 639 1525 et
669 1479 834 1532 κύσθος
861 1495 1021 1538 quoque
1046 1489 1216 1540 utroque
1241 1484 1435 1536 referunt,
1465 1497 1516 1529 ac
1545 1487 1582 1528 si
1612 1486 1704 1542 quis

239 1558 346 1601 haec
382 1556 441 1597 ita
469 1550 694 1595 conciliare
731 1555 899 1592 conetur
926 1556 968 1592 ut
1004 1546 1132 1608 κέαρ,
1176 1548 1297 1602 κύος,
1336 1549 1483 1603 κύτος,
1520 1549 1704 1596 Κεύθεα

241 1624 368 1668 κοῖλα
397 1619 493 1662 Hes.
515 1617 582 1670 ³⁸)
623 1616 675 1659 ad
714 1628 966 1659 communem
1003 1617 1210 1659 notionem
1239 1618 1318 1660 τοῦ
1347 1616 1498 1662 κοίλου
1526 1624 1704 1669 revocet,

238 1705 322 1734 non
352 1685 557 1731 diffitebor
584 1683 683 1727 mihi
713 1696 872 1739 quoque
904 1684 1014 1733 cavi,
1050 1696 1227 1735 caveae,
1260 1683 1424 1727 latibuli
1452 1686 1704 1741 seminisque

240 1767 279 1802 et
308 1758 440 1800 foetus
470 1756 512 1796 in
543 1751 637 1795 alvo
667 1750 834 1792 latentis
866 1750 1172 1794 similitudinem
1200 1751 1408 1808 quandam
1435 1765 1530 1795 esse
1557 1752 1703 1795 videri.

241 1826 358 1878 Quae
395 1820 685 1894 penultimam
693 1829 774 1859 non
812 1829 954 1872 puram
992 1816 1165 1869 habent,
1205 1817 1310 1862 haec
1348 1824 1460 1862 sunt:
1503 1814 1702 1872 ἄχθομαι

237 1907 321 1936 non
351 1891 555 1933 diversum
586 1884 637 1928 ab
667 1878 831 1936 ἄχομαι
858 1890 900 1925 ut
934 1882 1092 1939 Τέρθω
1123 1885 1314 1942 ξηραίνω
1343 1884 1454 1929 καίω
1473 1884 1572 1928 Hes.
1599 1885 1704 1928 nihil

239 1959 352 2003 aliud
382 1953 586 2010 significat
623 1964 743 2008 quam
773 1949 909 2005 &·'.(no
961 1947 1185 1994 Ἀλθαίνω
1224 1951 1351 2009 παρὰ
1387 1950 1437 1996 τὸ
1467 1947 1613 2004 datam,
1649 1951 1697 1995 τὸ

238 2027 286 2071 δὲ
316 2022 444 2069 &ww
484 2015 724 2074 θεραπεύω
765 2033 812 2059 εκ
849 2018 929 2059 τοῦ
967 2011 1087 2059 αλδω
1125 2033 1174 2059 το
1203 2014 1375 2069 αὖξάνω
1409 2017 1504 2060 ΕΜ.
1537 2019 1702 2070 63,10

237 2089 591 2148 ἆπαλθήσεσθαι
630 2084 719 2130 ἀπὸ
759 2087 836 2129 τοῦ
876 2081 996 2128 &idm
1034 2085 1144 2128 κατὰ
1179 2085 1254 2144 τὴν
1283 2086 1530 2142 συγγένειαν
1558 2090 1636 2131 τοῦ
1676 2091 1702 2131 ὅ

235 2163 351 2222 πρὸς
380 2160 427 2204 τὸ
460 2165 496 2202 ἃ
529 2154 589 2208 ὠς
631 2155 680 2199 ἐκ
723 2158 800 2198 τοῦ
831 2153 964 2197 τένόω
1009 2150 1032 2198 ὃ
1072 2155 1323 2211 προτένθης
1351 2153 1464 2198 Eust.
1495 2155 1598 2207 720,
1633 2157 1698 2200 18.

235 2230 454 2285 Utrumque
491 2225 613 2268 altius
643 2223 788 2279 repetit
811 2220 1078 2263 Ruhnkenius
1111 2221 1164 2264 ad
1192 2219 1369 2277 Longin.
1387 2221 1456 2264 ΙΙΙ
1483 2221 1522 2266 4.
1555 2219 1650 2266 ab'
1631 2220 1698 2267 οἵω

237 2300 347 2356 spiro
370 2302 427 2338 est
454 2289 546 2335 ἅλω
570 2290 638 2334 vel
662 2289 754 2333 ἅλω
782 2290 958 2333 latinum
972 2287 1070 2332 halo
1089 2296 1126 2332 et
1155 2285 1262 2332 ἀλέα
1281 2302 1415 2344 vapor
1432 2291 1612 2341 calidus,·
1647 2292 1698 2334 ab

328 2478 388 2523 37)
420 2476 481 2512 Sic
512 2475 617 2509 etiam
655 2474 702 2519 γῆ
726 2469 879 2517 ἀκύμων
903 2469 1050 2506 sterilis
1081 2470 1116 2503 in
1142 2469 1369 2506 Moschionis
1394 2481 1526 2516 versu,
1561 2482 1634 2507 non
1660 2477 1699 2508 ut
1727 2509 1728 2516 ἵ

236 2533 494 2573 Mitscherlich.
520 2530 659 2577 accepit
683 2529 729 2564 ad
754 2528 796 2562 H.
822 2526 866 2562 H.
890 2527 926 2561 in
950 2526 1032 2562 Cer.
1057 2538 1092 2561 v.
1119 2526 1197 2561 451.
1346 2542 1371 2572 .

326 2603 386 2647 38)
418 2601 518 2636 Idem
544 2595 772 2633 ‘Ynoxnsso-eoe
796 2594 1001 2630 ὑποκοίλια
1032 2594 1066 2628 Ιι.
1092 2605 1123 2628 e.
1159 2594 1400 2638 subventrile‚
1431 2600 1468 2629 et
1499 2593 1697 2636 ’Υποκυδές

234 2657 479 2708 ὑποφρὺδιον,
505 2655 602 2701 quod
624 2653 799 2691 ὑποκυλίς
816 2651 1038 2686 scribendum
1062 2649 1215 2684 videtur.
1264 2650 1493 2696 Adjectivum
1513 2649 1696 2697 ὑποκυδής

236 2718 295 2753 alii
323 2718 471 2761 δίυγρος
493 2714 785 2757 interpretantur,
812 2708 872 2742 alii
895 2710 1015 2746 κοῖλος
1035 2706 1147 2752 magis
1170 2717 1217 2740 ex
1247 2711 1385 2752 etymo3
1409 2718 1491 2742 nam
1511 2707 1594 2743 loca,
1614 2708 1695 2744 sub.

237 2785 328 2809 cava
352 2771 478 2806 eadem
501 2767 644 2803 humida
667 2777 749 2800 esse
777 2765 905 2800 solent.
