1728 3120
297 122 412 239 (1412,
426 162 519 215 lv.'
554 167 627 212 DE
662 167 860 213 VERBIS
888 168 1258 257 DFNTALIBUS.
1421 173 1517 220 105

223 266 489 344 wffl'egg.
515 282 584 328 87.
613 297 803 342 quaeque
831 284 951 342 hujus
982 285 1167 330 ultimam
1205 284 1364 330 orditur
1395 284 1520 330 litera

180 371 187 389 ι
221 345 547 402 &offlemmihi
576 365 808 409 agnoscere
837 353 985 398 videor
1014 355 1058 397 in
1087 352 1289 398 πλάσσω.
1346 353 1519 412 Proprie

119 438 148 458 ι
203 419 355 464 dicitur
386 415 632 475 πλάσματα
669 421 816 478 πηλοῦ
849 422 978 465 Arist.
1008 421 1113 465 Avv.
1141 420 1236 465 686.
1277 429 1316 466 et
1351 421 1518 467 fictores

115 497 120 500 ·
148 485 461 546 πηλοπλάθοι.
518 485 742 545 Liquidam
759 495 893 533 autem
923 489 1125 533 interdum
1143 489 1292 533 labiali
1316 490 1520 535 accedere

107 588 123 593 ,-
146 555 242 615 plis
277 557 332 600 iis
376 555 682 600 demonstratur
724 570 831 614 quae
873 556 975 601 G.1.
1013 558 1050 614 §.
1078 557 1118 600 5.
1159 558 1323 616 protuli.
1389 557 1519 602 Aliud

27 622 29 628 ⁴
91 624 228 669 'dem
251 624 412 669 formae
443 631 671 680 suggerunt
692 623 846 669 Suidas
876 632 915 669 et
932 624 1166 682 Hesychius
1193 625 1365 670 Πάσσω
1394 623 1521 683 γεύο-

2 687 29 751 Ἰ
137 726 148 745 ,
187 689 419 737 Πάσσεται
453 690 621 744 ἐσθίει,
663 705 690 736 a
726 690 905 748 πάομαι
943 700 1092 746 ortum,
1135 695 1172 738 si
1208 693 1288 738 hoc
1319 707 1520 752 praesens

96 776 112 795 υ
136 773 222 805 mm
250 762 294 804 in
330 773 409 804 usu
441 760 528 804 fuit.
586 758 785 820 Πράσσω
825 774 852 804 a
888 759 1044 819 περάω
1088 769 1219 805 ortum
1254 762 1411 806 habere
1451 775 1522 806 as-

24 819 40 883 f,
91 829 243 872 timur
271 829 454 886 antiquis
492 829 568 873 sed
606 835 763 873 remoto
798 829 1052 872 anadromae
1086 829 1261 874 artificio
1288 844 1332 875 .v.
1362 829 1520 875 Parall.

24 886 26 894 Α
66 895 226 951 1.⁸²)
259 893 430 940 Ῥάσσω
456 897 546 940 sive
565 891 752 954 ἇράσσω
776 898 960 954 proxime
991 898 1154 941 accedit
1173 897 1227 941 ad
1256 896 1382 957 ῥαίω,
1412 899 1522 943 unde

24 946 27 966 '
74 979 89 998 ⁴·
121 961 232 1022 στήρ
269 962 410 1015 tudes,
450 962 531 1008 hoc
570 971 705 1008 autem
745 978 772 1008 a
808 965 1026 1023 principali
1062 965 1128 1025 ῥῶ
1164 967 1393 1010 arcessitur
1423 965 1521 1010 EM.

23 1080 27 1099 Ι
83 1035 139 1084 ὦ,
167 1029 238 1074 34.
275 1030 424 1089 quibus
463 1034 712 1077 conveniunt
748 1028 940 1092 ὅρῥατος
969 1030 993 1078 ὁ
1034 1028 1275 1092 ἄφθαρτος
1315 1033 1443 1092 παρὰ
1469 1034 1519 1078 τὸ

130 1111 172 1144 v.
199 1097 417 1144 Ruhnken.
448 1100 501 1144 ad
530 1099 639 1144 Tim.
655 1100 723 1145 50.
753 1108 794 1144 et
822 1096 1064 1161 ὅῤῥαιστος
1091 1099 1116 1146 ὁ
1147 1097 1389 1160 ἄφθαρτος
1404 1101 1522 1147 Suid.

24 1220 25 1224 Ἰ
95 1197 97 1201 >
169 1165 256 1212 loci
290 1181 542 1225 progressos
581 1170 847 1213 circumsistit
879 1177 1050 1214 caterva
1083 1169 1303 1215 verborum
1331 1172 1391 1214 ita
1423 1185 1525 1215 con-

22 1224 38 1288 ’ζ
67 1285 72 1293 ,
104 1247 247 1280 orum
273 1242 319 1280 ut
347 1237 527 1281 stamina
557 1250 685 1294 aegre
715 1245 1008 1294 agnoscantur.
1067 1236 1199 1282 Unum
1227 1240 1432 1296 poeticum
1461 1247 1526 1283 est

34 1332 38 1360 t
83 1302 173 1362 ρὰ
200 1301 252 1349 τὸ
289 1305 364 1363 φῶ
397 1303 449 1349 τὸ
490 1303 636 1364 φαίνω
675 1302 835 1364 φάσσω
871 1305 946 1349 καὶ
983 1303 1385 1366 ἄναόιπλασιασμῷ
1418 1325 1527 1352 παι-

35 1362 37 1396 1
93 1367 207 1416 ’σσω
237 1369 382 1416 Schol.
410 1370 458 1416 11.
484 1371 533 1415 V.
563 1372 660 1417 803.
699 1387 780 1431 quo
810 1375 946 1417 minus
972 1373 1204 1432 probabilis
1233 1382 1296 1418 est
1325 1374 1525 1432 Hesychii

20 1429 36 1467 ⁴*
222 1438 561 1499 Παιφάσσουσα
598 1441 732 1486 παντὶ
769 1441 1034 1500 φαινομένη,
1074 1442 1149 1486 sed
1187 1442 1358 1486 verbum
1392 1445 1527 1502 ipsum

32 1508 132 1560 {vnn
158 1506 300 1552 dubito
339 1509 439 1566 quin
471 1521 562 1552 cum
593 1507 697 1567 φ’άω
733 1509 958 1553 cohaereat
992 1513 1239 1568 proprieque
1270 1511 1432 1555 celeres
1460 1512 1526 1556 lu-

32 1602 34 1609 ,
72 1575 171 1619 iuis
199 1582 334 1620 motus
363 1583 405 1620 et
433 1576 754 1621 scintillationes
784 1577 1001 1634 significet.
1052 1575 1219 1622 Φάσσω
1238 1579 1413 1636 simplex
1441 1593 1527 1624 non

18 1626 34 1703 'j
65 1643 203 1699 egitur
239 1643 316 1687 sed
355 1643 588 1702 adJunctum
628 1644 748 1688 aliis:
785 1642 1109 1703 Παραιφάσσει
1146 1643 1343 1690 τινάσσει
1378 1664 1529 1706 παρα-

77 1713 162 1755 ινεῖ
194 1709 459 1771 πηδᾷΉῠΒ.
487 1710 818 1771 Παραφᾶσσειν
854 1716 1164 1771 παραφρονεῖν
1202 1709 1263 1766 ὡς
1292 1714 1367 1759 καὶ
1396 1711 1531 1760 ἅλλο-

16 1804 53 1855 t·
74 1775 259 1824 ’σσειν·
297 1779 448 1836 ψιλῶς
485 1775 529 1824 δ’
559 1776 859 1837 ἀναγνωστέον
887 1776 966 1835 οὐχ
996 1779 1145 1838 ὥςπερ
1175 1780 1226 1826 τὸ
1255 1780 1531 1840 παραφάσαι

16 1813 49 1947 ἐξ
73 1843 436 1905 δ’παράψασθαι
461 1839 497 1907 ᾧ
519 1845 713 1904 ἔγκειται
731 1847 782 1892 τὸ
812 1851 891 1908 τῆς
913 1844 1034 1907 ἁφῆς
1063 1844 1204 1904 ὄνομα
1220 1848 1368 1893 Galen.
1387 1849 1527 1895 Gloss.

17 1894 63 1962 l,
104 1926 170 1958 em
199 1921 369 1973 apparet
396 1914 475 1959 illa
503 1914 636 1959 verba
665 1916 720 1960 ad
748 1913 853 1975 φάω
890 1916 1086 1960 retulisse
1126 1917 1201 1961 sed
1241 1931 1326 1962 non
1358 1926 1529 1977 apparet

24 1953 58 2055 ξ
89 1994 132 2027 o
160 1982 385 2036 intellectu,
416 1983 636 2028 videndine
667 1997 722 2028 an
751 1984 929 2029 dicendi.
974 1983 1217 2029 Scholiasta
1249 1986 1413 2044 quidem
1430 1986 1529 2046 Hip-

86 2063 161 2095 cr·
177 2049 230 2095 T.
245 2049 389 2095 [202.
419 2047 719 2110 ἆλλοφάσσειν
736 2054 1026 2111 interpretatur
1047 2053 1096 2098 τὸ
1118 2049 1228 2098 ἄλλο
1260 2050 1356 2098 ἄντ’
1389 2050 1546 2101 ἄλλους

62 2199 213 2245 *oque
251 2186 439 2232 declaret
475 2187 525 2232 τὸ
566 2183 676 2232 ἄλλο
719 2187 794 2232 καὶ
828 2183 939 2233 ἄλλο
975 2187 1165 2248 φάσσειν
1202 2186 1335 2249 ἤγουν
1364 2195 1530 2249 φωνεῖν

169 2261 235 2298 est
270 2267 298 2298 a
329 2256 576 2312 primigenio
607 2255 752 2313 φάειν.
812 2255 891 2300 Pro
930 2254 1122 2316 φάσσειν
1149 2256 1390 2302 Eustathius
1431 2259 1529 2303 sub-

46 2323 183 2366 -tituit
208 2321 380 2366 verbum
408 2324 602 2366 usitatum
641 2319 943 2381 ἅλλοφάσσειν
980 2323 1029 2367 τὸ
1071 2320 1232 2369 ἄλλοτε
1267 2322 1380 2370 ἄλλα
1412 2325 1532 2385 φρά-

35 2390 142 2443 ζειν
166 2403 206 2449 p.
237 2389 361 2443 1324,
389 2391 428 2435 7.
467 2390 547 2435 hoc
579 2398 715 2435 autem
744 2391 813 2434 vel
849 2404 876 2435 a
903 2390 1124 2436 thematico
1152 2391 1286 2451 φράω
1321 2394 1434 2439 duxit
1461 2396 1530 2439 vel

21 2470 82 2515 „a
122 2455 227 2518 φάω
263 2458 460 2517 (φάσκω)
506 2458 671 2502 literam
710 2458 785 2502 rho
829 2472 903 2516 per
939 2459 1222 2516 pleonasmum
1266 2469 1308 2506 ut
1349 2470 1532 2506 veterum

97 2527 184 2585 iqui
215 2527 271 2581 (v.
301 2524 438 2570 C.1V.
460 2527 500 2569 2.
531 2527 661 2582 Adn.)
701 2526 882 2571 additam
915 2534 1076 2585 putans.
1143 2526 1287 2586 Neque
1329 2530 1416 2573 alia
1457 2531 1533 2576 fuit

145 2687 207 2735 52)
240 2685 400 2736 Πρήσσω
424 2687 498 2726 ἀπὸ
524 2692 588 2726 τοῦ
611 2690 712 2737 περῶ
736 2686 885 2737 περάσω
916 2686 1046 2738 πρόσω
1071 2686 1307 2745 καὶ-πρήσω·
1340 2691 1422 2727 ἐπεὶ
1444 2692 1486 2728 δὲ
1513 2691 1533 2728 ὅ

19 2782 22 2788 ,
85 2750 201 2786 snam
227 2753 548 2796 θεματοποιεῒῐαι,
584 2746 857 2799 προςλαμβάνει
892 2751 954 2784 καὶ
985 2749 1110 2797 ἕτερον
1138 2761 1162 2786 σ
1188 2748 1280 2798 πρὸς
1303 2749 1534 2790 &vrassanum-

14 2798 123 2880 22311‘
146 2808 210 2845 τοῦ
234 2808 431 2854 μέλλοντος
452 2805 537 2843 Sch.
555 2805 628 2845 od.
651 2806 695 2843 11.
720 2806 799 2844 213.
824 2807 909 2844 Sch.
934 2806 974 2845 lt.
992 2806 1092 2844 XIV.
1114 2806 1193 2844 282.
1219 2807 1337 2847 Cram.
1355 2809 1382 2846 1.
1407 2809 1486 2847 355.
