1708 3126
198 203 264 250 72
642 193 1110 240 DISSERTATIO
1158 194 1226 238 IV.

199 311 340 359 πέδω,
372 309 512 353 σκέδιο
545 308 800 363 Theognost.
834 306 928 350 140.
963 320 1133 364 quorum
1169 319 1291 351 unum
1323 303 1410 352 ἔδω
1441 319 1469 351 a
1499 308 1672 365 scripto-

199 378 314 421 ribus
342 375 574 418 medicinae
603 375 753 418 ionicis
781 380 992 425 retentum,
1022 373 1142 428 μέδω
1169 375 1374 429 poeticum
1401 380 1486 426 est,
1514 373 1673 418 thema-

198 445 322 486 ticum
365 440 507 484 σκέὸω
551 437 836 495 σκεδάννυμι,
887 440 1128 483 mendosum
1170 439 1293 484 πέδω
1339 439 1574 499 Ρῐο”ῥέδω
1621 439 1672 482 τὸ

199 506 401 565 πράττω,
444 506 553 562 quod
584 507 746 548 usitatis
779 505 890 562 ῥέζω
920 512 959 548 et
1001 504 1115 561 ἔρδω
1143 512 1466 563 supposuerunt,
1503 505 1573 550 vel
1599 518 1675 564 pro

166 574 326 631 ·ψέδω
357 571 575 630 φροντίζει)
605 571 704 615 Hes.
743 584 977 628 quanquam
1015 571 1094 616 hoc
1136 585 1297 629 quoque
1334 572 1501 616 dubium
1538 577 1602 615 est
1633 577 1676 615 et

201 641 300 697 quia
326 651 529 695 nusquam
554 638 708 694 legitur
734 645 774 682 et
791 637 844 681 ob
874 639 1051 681 similem
1080 639 1196 682 verbi
1213 638 1350 696 ψέφιυ
1371 638 1676 695 interpretatio·-

199 719 293 748 nem
322 719 360 749 v.
392 704 437 747 G.
466 703 516 746 ll.
547 705 583 760 ς.
613 705 652 747 3.
680 729 737 734 ——
783 703 888 747 Tria
917 718 1023 762 quae
1052 711 1120 748 eta
1148 704 1301 748 habent
1329 710 1516 748 numerat
1542 702 1675 761 Epim.

203 772 339 815 Gram.
377 771 427 814 Il.
469 771 574 814 325:
622 767 762 827 κήὸιο,
801 768 950 827 ιιήδω,
989 769 1106 828 ἢδω,
1147 771 1256 827 quod
1285 772 1329 814 in
1356 769 1453 813 ΕΜ.
1481 769 1578 820 372,
1606 769 1675 814 27.

202 841 331 884 deest.
370 863 428 875 ·-
483 838 623 883 Verba
659 841 702 881 in
737 829 829 882 W
870 840 995 882 tacite
1033 839 1213 882 excludit
1245 838 1420 883 Arcadii
1461 852 1595 887 canon
1634 840 1679 882 in

200 907 402 963 principio
431 905 550 962 hujtls
590 904 843 962 paragraphi
870 907 1119 962 propositus.
1178 904 1260 948 Pro
1274 901 1470 950 ’Ἰδονται
1497 904 1680 963 φαίνονκ

202 990 278 1016 ται
306 972 404 1015 Hes.
446 971 709 1015 scribendum
749 969 959 1014 Εἴδονται
995 971 1064 1015 vel
1100 969 1304 1021 ἴδωνται,
1340 985 1416 1029 pro
1445 970 1692 1023 lotidem-9

204 1038 327 1097 κνίδιη
355 1036 668 1094 μαστιγοῦντες
687 1039 774 1093 J‘am
803 1037 877 1080 alii
907 1038 1152 1089 κνιδοῢντες
1182 1043 1460 1090 correxerunt,
1489 1037 1694 1094 quodque-

201 1106 244 1147 in
273 1104 408 1148 Cram.
437 1104 467 1147 I.
502 1105 598 1148 423.
637 1112 676 1148 et
704 1103 800 1146 EM.
829 1104 926 1155 812,
956 1104 1022 1146 32.
1059 1104 1234 1147 traditur
1262 1101 1398 1157 χλίδω
1437 1101 1680 1162 βαρύτονον

203 1171 278 1215 καὶ
313 1173 449 1226 χλιδῶ
487 1169 828 1228 περισπώμενον
837 1201 848 1220 ,
893 1171 1080 1225 magistri
1119 1169 1368 1214 confinxisse
1405 1169 1596 1214 videntur
1635 1174 1678 1213 ut

200 1237 339 1281 thema
357 1238 558 1282 haherent
580 1238 792 1294 praeteriti
816 1234 1036 1290 κεχλιδώς,
1069 1236 1322 1290 κεχλιδέναι,
1353 1235 1463 1293 quod
1483 1235 1537 1279 ad
1557 1247 1679 1293 prae-

202 1317 301 1347 sens
339 1302 506 1358 χλιδάιο
545 1306 718 1361 pertinet
757 1305 864 1346 sicut
895 1300 1102 1357 μεμυὸώς
1141 1302 1195 1345 ad
1230 1300 1408 1356 μυὸάω,
1448 1309 1490 1346 et
1515 1301 1594 1346 illa
1625 1301 1678 1345 ab

201 1369 411 1426 Hesychio
447 1378 648 1426 suggesta
684 1368 985 1425 Πεφλοιδέναι
1022 1367 1096 1411 τὸν
1139 1368 1299 1425 φλοιὸν
1337 1365 1581 1423 ἀποβαλεῖν
1626 1367 1680 1412 ad

203 1432 645 1493 φλοιόάιο,’Έφλιδεν
673 1435 865 1494 διέρῥεεν
887 1433 1117 1494 ε’ῤῥήγνυεν
1142 1434 1195 1477 ad
1215 1431 1405 1491 φλιδάω,
1435 1435 1546 1490 quod
1572 1434 1682 1478 idem

204 1500 409 1560 σήπομαι
427 1504 730 1559 interpretatur,
760 1508 800 1544 et
827 1501 1064 1554 Κέχλοιδεν
1086 1499 1301 1544 διείλκετο
1330 1501 1375 1544 id
1402 1507 1466 1544 est
1495 1500 1682 1553 diffluxit,

204 1566 496 1624 (ἐθρύπτετο,
536 1568 790 1622 ἐχαυνοῦτο)
832 1566 886 1609 ad
923 1567 1102 1624 χλοιὸᾇν
1141 1566 1400 1611 ὁιέλκεσθαι
1433 1570 1606 1626 τρυφᾷν
1642 1574 1684 1611 et

210 1634 387 1692 Φλυδᾷν
416 1635 694 1688 διαχεῖσθαι,
731 1635 776 1676 in
805 1631 953 1688 quibus
982 1632 1155 1676 labialis
1185 1639 1225 1675 et
1253 1632 1473 1687 gutturalis
1506 1634 1682 1678 eundem

203 1699 340 1743 locum
377 1707 592 1757 occupant.
653 1699 773 1743 Ψίδιο
814 1698 863 1742 τὸ
901 1699 1028 1742 λυπῶ
1063 1697 1138 1742 καὶ
1172 1702 1327 1743 κτυπιῦ
1355 1698 1610 1755 Theognost.
1640 1714 1680 1758 p.

205 1766 272 1817 13,
303 1767 371 1809 ll.
415 1767 526 1810 falso
559 1766 751 1823 scriptum
782 1779 856 1822 pro
886 1764 1033 1820 ψέδιο,
1069 1765 1179 1822 quod
1208 1771 1248 1808 et
1283 1765 1421 1823 ψέφω
1459 1765 1619 1809 dicitur.
1642 1770 1680 1820 ι)

205 1831 329 1876 Δίδω
369 1833 477 1890 apud
511 1834 734 1888 scriptores
777 1831 941 1874 infimae
981 1833 1132 1874 aetatis
1166 1831 1320 1887 legitur
1353 1845 1438 1875 non
1476 1831 1680 1876 dissimile

206 1899 445 1952 imperfecto
477 1896 623 1942 ἔδιδον
652 1899 694 1940 in
720 1897 769 1940 H.
801 1897 849 1939 H.
878 1911 916 1940 v.
935 1896 1083 1940 Buttm.
1101 1897 1281 1940 Gramm.
1301 1897 1332 1940 I.
1361 1912 1400 1955 p.
1415 1897 1512 1941 509.
1543 1894 1682 1943 ἀΐδιον

205 1978 279 2021 pro
312 1962 472 2009 ἀείδων
501 1966 544 2006 in
574 1963 761 2020 Inscript
791 1964 995 2006 boeoticis
1026 1963 1260 2007 Ahrensius
1290 1964 1340 2007 de
1371 1964 1469 2007 dial.
1505 1964 1613 2008 aeol.
1641 1979 1679 2022 p.

207 2031 301 2074 171.
332 2031 515 2074 defendit
544 2030 712 2073 dialecti
682 2031 997 2111 proprietate.
1061 2028 1122 2072 Τὸ
1147 2027 1352 2086 ἐρείδιο
1331 2047 1354 2072 ο
1379 2026 1683 2084 Ἀπολλώνιος

207 2099 324 2155 λέγει
359 2098 432 2143 ὁτι
468 2099 542 2143 διὰ
580 2102 658 2142 τοῦ
698 2116 715 2143 ι
754 2097 994 2156 γράφεται·
1025 2094 1113 2141 ἀλλ’
1150 2093 1226 2140 οὖν
1261 2094 1286 2155 ἦ
1318 2096 1570 2155 παράδοσις
1607 2099 1681 2143 διὰ

207 2170 285 2225 τῆς
323 2185 363 2211 ει
394 2163 488 2211 οἶδε
516 2168 813 2223 γεγραμμένον
830 2166 1109 2210 Choerobosc.
1132 2165 1239 2209 Dict.
1254 2166 1349 2210 571.
1367 2192 1418 2198 —
1464 2167 1582 2219 Quae
1612 2182 1682 2212 se-
1704 2186 1705 2192 ¹

207 2238 343 2292 quitur
359 2236 520 2280 vocalis
540 2236 636 2280 huic
654 2237 933 2280 terminationi
949 2236 1152 2292 derogata
1173 2242 1258 2279 est:
1290 2234 1345 2278 τὰ
1369 2233 1433 2287 εἷς
1452 2238 1514 2280 δω
1533 2252 1681 2291 παρα-

207 2304 425 2361 ληγόμενα
454 2308 516 2363 τιιῦ
554 2322 578 2349 ο
616 2308 894 2363 περισπᾶται
923 2305 1082 2348 σποδῶ
1119 2311 1196 2348 etc.
1226 2304 1324 2347 Arc.
1355 2304 1450 2348 155.
1505 2303 1554 2348 In
1588 2307 1680 2350 vdeo

207 2385 330 2414 unum
370 2373 452 2414 exit
491 2372 722 2416 obsoletum
761 2372 849 2415 sere
884 2369 975 2415 ύδιο
1008 2370 1056 2414 τὸ
1099 2370 1211 2428 λέγω
1240 2369 1338 2414 Hes.
1359 2372 1400 2424 2)
1455 2369 1682 2429 Diphthon-

299 2533 333 2577 l)
370 2533 409 2568 ln
440 2534 644 2570 nominibus
675 2544 766 2578 quae
802 2533 838 2567 in
870 2521 952 2567 ‹5—‹1-1—21-
979 2531 1168 2565 terminata
1199 2531 1396 2576 genitivum
1420 2531 1455 2566 in
1486 2544 1581 2572 ωνος
1603 2531 1680 2567 mit-

206 2595 303 2632 tunt,
330 2589 580 2636 Theognostus
606 2590 649 2625 ΙΙ.
675 2590 731 2625 31.
759 2588 873 2624 refert
901 2588 1026 2633 ψίδων
1047 2598 1083 2622 v.
1109 2586 1155 2621 ad
1178 2585 1237 2632 Aj.
1264 2599 1299 2632 p.
1327 2585 1403 2622 169.
1429 2586 1552 2622 adnot.

295 2656 333 2701 ⁴2)
367 2657 460 2692 Hinc
493 2664 528 2692 et
562 2656 679 2704 ὕμνος
714 2657 915 2692 derivatum
951 2660 1053 2701 putat
1086 2652 1266 2688 Proculus
1305 2652 1413 2689 Phot.
1446 2652 1677 2690 ccxxxlx.

205 2711 283 2747 522.
310 2724 376 2747 nec
399 2714 547 2749 multum
572 2714 706 2749 distant
732 2710 855 2756 ὕθλος,
883 2710 1025 2748 ‘DJ-2177
1047 2711 1168 2755 λέγειν
1191 2709 1377 2755 θρυλλεῒν,
1405 2712 1566 2747 Φυλλεῖν
1590 2708 1679 2746 ἀδο-

206 2769 351 2813 λεσχεῖν
379 2769 463 2804 Hes.
