1728 3120
222 191 322 238 222
645 184 1107 228 DISSERTATIO
1152 185 1263 230 XIII.

1680 246 1689 280 '1

221 299 404 355 proximo
435 291 543 352 ὅργη
573 290 795 352 (ὄργανον)
827 297 936 353 quod
964 310 1016 341 ex
1049 295 1182 354 ἕόργη
1221 305 1262 341 et
1288 296 1517 359 npoeco'm
1544 298 1690 364 eluceff

152 398 168 405 ς
221 366 287 408 Ad
317 361 603 418 explicandum
635 359 773 415 ἑτάζω
802 363 1022 418 (ἐξετάζω,
1053 361 1263 417 ἆνετάζω)
1287 364 1557 413 (ἱι-εῑωωὸῑίθί
1581 368 1692 418 coms*

220 432 489 473 miniscuntur
506 427 678 470 verbale
708 426 819 480 ἐτός.
876 429 938 473 De
959 429 1131 484 κολάζω
1154 433 1243 486 jam
1263 432 1413 477 dictum
1442 439 1520 479 est»
1575 428 1692 489 Eam

221 497 336 549 κάζω
367 497 549 552 speciem
580 495 735 538 nomini
774 493 891 550 σάρξ
918 504 1128 554 acceptam
1159 499 1308 550 refert,
1346 498 1692 555 significationem

216 577 316 608 vero
346 562 474 606 verbo
505 559 637 617 σύρω,
668 575 764 605 nam
793 560 908 619 σάρξ
934 565 1022 607 sive
1054 565 1259 608 aeolicum
1288 563 1400 622 σύρξ
1424 568 1588 623 proprie
1619 567 1693 611 de-;>

216 638 387 674 tractum
421 630 588 672 denotat
615 635 658 671 ut
688 631 846 680 σκῦτος
874 637 914 672 et
943 628 1114 682 σπάτος
1139 645 1177 674 v.
1208 631 1384 676 Dissert.
1412 630 1563 677 XVIII.
1623 632 1692 679 Illi

217 698 352 741 simile
387 693 613 750 Φαρκάζει
646 694 774 751 φέρει
803 694 900 739 Hes.
933 696 1111 740 sortasse
1143 711 1169 741 a
1198 696 1329 756 φάρω
1359 699 1484 757 φέρω
1513 698 1693 757 utendo-

216 765 277 808 De
313 761 534 815 τευτάζειν
568 764 655 805 sive
688 761 916 814 ταυτάζειν
954 777 1060 819 quae
1090 772 1252 808 veteres
1287 765 1473 817 tradunt,
1509 768 1716 815 maxima,

216 846 265 876 ex
294 838 410 888 parte
429 829 600 872 redeunt
620 829 673 871 ad
692 830 900 871 notionem
929 831 1119 881 meandi,
1151 844 1256 888 quae
1272 831 1394 876 modo
1424 835 1690 887 cunctationi,
1715 854 1720 863 =

214 899 336 943 modo
373 898 549 940 astutiae
582 903 622 938 et
651 897 830 952 captioni
867 895 1060 951 adjuncta,
1090 904 1164 948 est,
1194 911 1272 942 nec
1303 898 1516 944 dubitasse
1544 900 1690 944 viden-

213 973 279 1009 tur
308 966 406 1021 quin
435 963 538 1005 illud
577 976 628 1004 ex
665 962 824 1004 duabus
862 963 1035 1006 vocibus
1075 964 1124 1007 τὸ
1166 961 1272 1007 αὐτὸ
1313 963 1561 1022 (πράττειν)
1589 979 1689 1015 con·
1720 984 1721 987 ¹

214 1032 354 1075 flatum
383 1032 457 1080 sit,
497 1029 541 1071 id
571 1029 678 1085 quod
710 1029 831 1071 alteri
860 1031 1088 1086 scripturae
1116 1030 1346 1084 ταυτάζειν
1376 1033 1558 1089 apprime
1589 1046 1689 1078 con-.-

211 1101 346 1148 venit,
376 1097 452 1140 sed
483 1097 650 1151 aegrius
682 1095 761 1138 huc
790 1096 990 1139 concilies
1020 1095 1259 1149 τευτάζειν,
1296 1099 1404 1154 quod
1427 1097 1577 1143 Pollux
1603 1113 1687 1143 non
1727 1138 1728 1156 3

210 1165 357 1223 probat
395 1163 558 1220 quidem
599 1163 673 1205 sed
711 1169 849 1205 tamen
890 1163 941 1205 ab
975 1164 1120 1207 Atticis
1152 1164 1301 1207 dictum
1332 1177 1427 1208 esse
1461 1165 1685 1210 confitetur.

211 1232 469 1287 Ingravescit
502 1242 603 1272 vero
634 1230 815 1285 suspicio
849 1231 1157 1286 comparatione
1195 1230 1313 1273 verbi
1351 1234 1535 1290 τευμᾷν,
1576 1233 1686 1289 quod
1724 1224 1728 1234 ¹

211 1299 359 1343 eodem
401 1296 523 1339 modo
573 1297 891 1351 interpretantur
933 1299 1199 1349 τεχνᾶσθαι,
1245 1303 1285 1340 et
1325 1299 1505 1341 nominis
1547 1298 1684 1356 τέχνη,

211 1366 326 1420 quus
367 1363 588 1412 manifesta
632 1370 695 1405 est
739 1376 828 1405 cum
871 1360 1006 1416 τεύχω
1054 1364 1262 1418 cognatio.
1327 1359 1600 1417 Ἀλαπάζειν
1644 1372 1685 1409 et

211 1428 424 1482 λαπάζειν
462 1428 511 1472 τὸ
556 1429 756 1472 ἐκκενοῦν
791 1431 974 1486 plerique
1019 1443 1161 1472 omnes
1203 1429 1255 1472 ad
1295 1437 1460 1486 etymon
1499 1432 1685 1476 referunt

208 1497 418 1541 oblivione
448 1496 662 1552 sepultum,
691 1496 799 1552 quod
828 1497 983 1539 nomini
1013 1493 1427 1552 λαπάρα--τκενεών
1456 1497 1692 1554 subjectum·

208 1571 272 1607 est
298 1577 338 1607 v.
371 1562 527 1606 Parall.
560 1562 656 1604 255.
714 1561 794 1604 Per
833 1575 936 1617 quos
975 1562 1129 1615 gradus
1165 1561 1336 1618 linguae
1367 1555 1605 1608 architecti*
1628 1565 1680 1608 ab

209 1627 301 1686 ἄγω
333 1629 387 1672 ad
419 1625 622 1686 ἠγηλάζω
661 1629 946 1679 ascenderint,
978 1642 1062 1672 non
1101 1635 1291 1686 apparet3
1333 1630 1429 1674 ideo
1467 1630 1682 1688 epenthesi

205 1698 471 1752 assignamus
502 1702 543 1738 ut
570 1693 716 1748 στάζω
747 1693 962 1748 σταλάζω.
1019 1695 1157 1740 Verba
1177 1696 1231 1739 ad
1261 1697 1569 1747 similitudinem
1588 1700 1682 1742 soni

206 1764 465 1820 conformata
482 1759 674 1821 ἇῤῥάζω,
701 1760 885 1816 καχάζω,
917 1760 1132 1815 κακκάζω,
1162 1759 1327 1816 ὄμάζω,
1355 1761 1549 1820 τετράζει)
1565 1771 1682 1808 extra

205 1831 489 1886 quaestionem
518 1836 622 1871 sunt.

317 1899 353 1953 ξ.
378 1898 417 1940 3.
481 1897 548 1941 Τὰ
578 1894 642 1947 εἷς
671 1887 739 1950 ζ-ω
762 1894 803 1939 εἰ
833 1894 925 1950 ἔχοι
955 1897 1044 1953 πρὸ
1075 1898 1228 1949 τέλους
1259 1895 1396 1951 μόνον
1424 1897 1474 1942 τὸ
1502 1889 1550 1949 ἶ,
1591 1897 1679 1954 ἓῇιει

206 1964 311 2009 αὐτὸ
343 1963 1016 2020 συνεσταλμένον-πρόςιὶειται
1044 1964 1180 2018 μόνον
1209 1966 1259 2010 τὸ
1285 1957 1331 2016 ἶ,
1363 1965 1464 2011 ἐπεὶ
1487 1967 1536 2010 τὸ
1565 1983 1677 2025 σφα-

203 2034 353 2088 ὄαίζω,
383 2034 584 2090 τεραίζω,
613 2031 812 2085 ματαίζω
834 2032 949 2087 πρὸς
966 2033 1015 2075 τὸ
1041 2025 1080 2076 ἐἶ
1103 2034 1151 2078 τὸ
1175 2026 1206 2077 ἶ
1229 2032 1510 2090 γραφόμενον
1530 2033 1678 2089 &ovat

203 2101 355 2144 Herod.
391 2116 440 2143 π.
472 2102 587 2142 Μον.
618 2113 656 2154 p.
685 2099 752 2140 23.
785 2098 933 2153 quihus
958 2097 1088 2155 Epim.
1120 2100 1254 2144 Gram.
1275 2100 1304 2142 Ι.
1329 2101 1425 2144 232.
1454 2099 1550 2143 EM.
1579 2102 1675 2152 737,

202 2169 270 2210 20.
294 2160 459 2210 'addunt
485 2162 689 2222 βορᾴζειν
721 2166 917 2207 omissum
945 2164 1080 2208 Cram.
1106 2165 1176 2210 47.
1204 2164 1302 2209 EM.
1327 2166 1423 2218 535,
1451 2166 1520 2211 49.
1547 2166 1674 2211 Drac.

202 2235 269 2277 59.
292 2232 446 2277 et108.
478 2239 518 2274 et
548 2231 680 2274 adhuc
717 2233 912 2287 temporis
941 2245 1024 2274 non
1053 2233 1271 2275 inventum.
1328 2231 1404 2275 His
1436 2234 1561 2289 igitur
1588 2235 1675 2278 iota

202 2298 543 2344 subscribendum
574 2311 668 2340 esse
699 2297 943 2349 decernunt,
986 2300 1084 2354 quia
1106 2298 1249 2354 'alpha
1276 2298 1444 2354 longum
1474 2313 1570 2343 esse
1601 2313 1674 2357 ap-

200 2374 346 2424 pareat
376 2366 424 2410 ἐκ
452 2367 530 2421 τῆς
567 2366 730 2420 λοιπῆς
769 2363 963 2415 κλίσεως.
1021 2363 1108 2408 Nec
1135 2372 1273 2408 tamen
1301 2366 1518 2410 verborum
1557 2381 1673 2424 σφα-

202 2434 352 2486 δάζειν
385 2439 424 2475 et
460 2429 658 2488 τεράζειν
695 2431 822 2474 ullum
862 2437 1028 2486 praeter
1068 2444 1269 2487 praesens
1311 2438 1351 2476 et
1391 2433 1673 2490 imperfectum

199 2508 360 2557 tempus
386 2499 550 2553 legitur,
581 2498 769 2554 quodque
800 2510 890 2539 cum
919 2494 1087 2554 τεράζω
1107 2500 1334 2554 proximam
1362 2499 1670 2543 similitudinem

200 2566 325 2609 habet
357 2562 557 2620 κνεφάζω
589 2578 615 2606 a
645 2564 808 2619 κνέφας
837 2563 998 2606 ductum
1028 2564 1133 2606 sicut
1166 2566 1279 2620 prius
1310 2578 1336 2607 a
1364 2565 1514 2623 τέρας,
1540 2579 1670 2610 voca-

199 2633 280 2674 lem
319 2633 362 2674 in
396 2630 603 2673 declinatu
643 2631 821 2686 corripit.
880 2628 970 2672 lota
1002 2635 1134 2672 autem
1175 2630 1395 2688 subscripti
1434 2633 1478 2675 in
1514 2634 1668 2675 nostris

199 2698 320 2747 libris
361 2697 517 2740 nullum
555 2698 774 2751 vestigium
813 2697 1012 2746 cernitur,
1053 2708 1186 2751 neque
1221 2710 1399 2753 unquam
1439 2700 1668 2755 reperimus

198 2763 413 2820 τεραΐζειν
444 2763 511 2806 vel
528 2761 799 2829 σφαὸαΐζεςν,
831 2761 904 2804 sed
924 2760 1055 2804 solum
1073 2760 1282 2815 ματαΐζεν
1297 2769 1337 2807 et
1361 2760 1667 2819 ἂποματαΐσαι
