<?xml version="1.0" encoding="UTF-8"?>
<!DOCTYPE html PUBLIC "-//W3C//DTD XHTML 1.0 Transitional//EN"
    "http://www.w3.org/TR/xhtml1/DTD/xhtml1-transitional.dtd">
<html xmlns="http://www.w3.org/1999/xhtml" xml:lang="en" lang="en">
 <head>
  <title>
</title>
<meta http-equiv="Content-Type" content="text/html;charset=utf-8" />
  <meta name='ocr-system' content='tesseract 3.04.00' />
  <meta name='ocr-capabilities' content='ocr_page ocr_carea ocr_par ocr_line ocrx_word'/>
</head>
<body>
  <div class='ocr_page' id='page_1' title='image "./rhematikonsiveve00lobeuoft_0282.png"; bbox 0 0 1728 3120; ppageno 0'>
   <div class='ocr_carea' id='block_1_1' title="bbox 192 152 1234 210">
    <p class='ocr_par' dir='ltr' id='par_1_1' title="bbox 192 152 1234 210">
     <span class='ocr_line' id='line_1_1' title="bbox 192 152 1234 210; baseline -0.014 0"><span class='ocrx_word' id='word_1_1' title='bbox 192 163 291 210; x_wconf 82' lang='lat'><strong>264</strong></span> <span class='ocrx_word' id='word_1_2' title='bbox 610 152 1079 198; x_wconf 88' lang='lat' dir='ltr'>DISSERTATIO</span> <span class='ocrx_word' id='word_1_3' title='bbox 1123 152 1234 197; x_wconf 88' lang='lat' dir='ltr'>XVI.</span> 
     </span>
    </p>
   </div>
   <div class='ocr_carea' id='block_1_2' title="bbox 195 261 1715 2444">
    <p class='ocr_par' dir='ltr' id='par_1_2' title="bbox 195 261 1728 2114">
     <span class='ocr_line' id='line_1_2' title="bbox 195 261 1691 329; baseline -0.002 -15"><span class='ocrx_word' id='word_1_4' title='bbox 195 281 399 329; x_wconf 84' lang='lat' dir='ltr'><strong>personae</strong></span> <span class='ocrx_word' id='word_1_5' title='bbox 442 268 775 310; x_wconf 83' lang='lat' dir='ltr'><strong>discriminantur</strong></span> <span class='ocrx_word' id='word_1_6' title='bbox 813 267 888 310; x_wconf 88' lang='lat' dir='ltr'><strong>sed</strong></span> <span class='ocrx_word' id='word_1_7' title='bbox 927 266 1178 324; x_wconf 85' lang='lat' dir='ltr'><strong>expletivas:</strong></span> <span class='ocrx_word' id='word_1_8' title='bbox 1221 263 1336 309; x_wconf 83' lang='grc' dir='ltr'><em>σεύω</em></span> <span class='ocrx_word' id='word_1_9' title='bbox 1375 261 1691 324; x_wconf 78' lang='grc' dir='ltr'><strong>σόβη-αἷίω”</strong></span> 
     </span>
     <span class='ocr_line' id='line_1_3' title="bbox 198 328 1671 394; baseline -0.003 -14"><span class='ocrx_word' id='word_1_10' title='bbox 198 332 332 392; x_wconf 76' lang='grc' dir='ltr'><strong><em>αὐδή,</em></strong></span> <span class='ocrx_word' id='word_1_11' title='bbox 367 331 473 387; x_wconf 85' lang='grc' dir='ltr'><em>χλίω</em></span> <span class='ocrx_word' id='word_1_12' title='bbox 503 332 841 390; x_wconf 82' lang='grc' dir='ltr'><strong>χλιδή--παρὰ</strong></span> <span class='ocrx_word' id='word_1_13' title='bbox 870 332 918 375; x_wconf 75' lang='grc' dir='ltr'><strong>τὸ</strong></span> <span class='ocrx_word' id='word_1_14' title='bbox 953 328 1020 376; x_wconf 76' lang='grc' dir='ltr'><strong>ὂὶω</strong></span> <span class='ocrx_word' id='word_1_15' title='bbox 1053 329 1165 390; x_wconf 78' lang='grc' dir='ltr'><em>αὐλή</em></span> <span class='ocrx_word' id='word_1_16' title='bbox 1199 330 1295 374; x_wconf 90' lang='grc' dir='ltr'><strong>ΕΜ.</strong></span> <span class='ocrx_word' id='word_1_17' title='bbox 1327 331 1479 375; x_wconf 81' lang='grc' dir='ltr'><strong><em>παῦλα</em></strong></span> <span class='ocrx_word' id='word_1_18' title='bbox 1511 330 1561 376; x_wconf 75' lang='grc' dir='ltr'><strong>ἐκ</strong></span> <span class='ocrx_word' id='word_1_19' title='bbox 1589 333 1671 394; x_wconf 59' lang='grc' dir='ltr'><strong>τοῆ</strong></span> 
     </span>
     <span class='ocr_line' id='line_1_4' title="bbox 198 394 1672 457; baseline -0.001 -14"><span class='ocrx_word' id='word_1_20' title='bbox 198 398 327 445; x_wconf 82' lang='grc' dir='ltr'><em>παύω</em></span> <span class='ocrx_word' id='word_1_21' title='bbox 365 398 497 454; x_wconf 82' lang='lat' dir='ltr'>Regg.</span> <span class='ocrx_word' id='word_1_22' title='bbox 523 398 640 443; x_wconf 86' lang='lat' dir='ltr'><strong>Pros.</strong></span> <span class='ocrx_word' id='word_1_23' title='bbox 670 413 706 456; x_wconf 90' lang='lat' dir='ltr'><strong>p.</strong></span> <span class='ocrx_word' id='word_1_24' title='bbox 737 398 834 442; x_wconf 82' lang='lat'>425.</span> <span class='ocrx_word' id='word_1_25' title='bbox 873 396 1013 456; x_wconf 81' lang='grc' dir='ltr'>μήλη,</span> <span class='ocrx_word' id='word_1_26' title='bbox 1052 398 1213 454; x_wconf 77' lang='grc' dir='ltr'>στήλη,</span> <span class='ocrx_word' id='word_1_27' title='bbox 1253 394 1368 454; x_wconf 84' lang='grc' dir='ltr'><strong><em>φυλή</em></strong></span> <span class='ocrx_word' id='word_1_28' title='bbox 1399 403 1476 441; x_wconf 80' lang='lat' dir='ltr'><strong>etc.</strong></span> <span class='ocrx_word' id='word_1_29' title='bbox 1513 410 1540 441; x_wconf 78' lang='lat' dir='ltr'><strong>a</strong></span> <span class='ocrx_word' id='word_1_30' title='bbox 1578 394 1672 457; x_wconf 65' lang='grc' dir='ltr'><strong>ὁόιό.</strong></span> 
     </span>
     <span class='ocr_line' id='line_1_5' title="bbox 199 460 1674 523; baseline -0.002 -14"><span class='ocrx_word' id='word_1_31' title='bbox 199 467 307 509; x_wconf 86' lang='lat' dir='ltr'><strong>dano</strong></span> <span class='ocrx_word' id='word_1_32' title='bbox 338 462 445 522; x_wconf 81' lang='grc' dir='ltr'><strong>δάνη</strong></span> <span class='ocrx_word' id='word_1_33' title='bbox 468 461 653 522; x_wconf 78' lang='grc' dir='ltr'><em>ἡμερίς,</em></span> <span class='ocrx_word' id='word_1_34' title='bbox 685 462 807 521; x_wconf 84' lang='grc' dir='ltr'><em>ζώνη,</em></span> <span class='ocrx_word' id='word_1_35' title='bbox 838 462 962 523; x_wconf 81' lang='grc' dir='ltr'><em>φωνή</em></span> <span class='ocrx_word' id='word_1_36' title='bbox 979 478 1068 508; x_wconf 90' lang='lat' dir='ltr'><strong>—a</strong></span> <span class='ocrx_word' id='word_1_37' title='bbox 1095 462 1211 520; x_wconf 82' lang='grc' dir='ltr'><em>τρύω</em></span> <span class='ocrx_word' id='word_1_38' title='bbox 1238 460 1384 521; x_wconf 78' lang='grc' dir='ltr'>τρύπη</span> <span class='ocrx_word' id='word_1_39' title='bbox 1402 464 1430 507; x_wconf 88' lang='lat' dir='ltr'><strong>i.</strong></span> <span class='ocrx_word' id='word_1_40' title='bbox 1449 477 1488 521; x_wconf 86' lang='lat' dir='ltr'><strong>q.</strong></span> <span class='ocrx_word' id='word_1_41' title='bbox 1516 461 1674 521; x_wconf 48' lang='lat' dir='ltr'><strong>‘Qffmiit</strong></span> 
     </span>
     <span class='ocr_line' id='line_1_6' title="bbox 200 525 1676 589; baseline -0.001 -14"><span class='ocrx_word' id='word_1_42' title='bbox 200 531 315 576; x_wconf 85' lang='grc' dir='ltr'><em>κνάω</em></span> <span class='ocrx_word' id='word_1_43' title='bbox 340 529 482 589; x_wconf 81' lang='grc' dir='ltr'><em>κνήφη</em></span> <span class='ocrx_word' id='word_1_44' title='bbox 502 545 540 575; x_wconf 86' lang='lat' dir='ltr'><strong>v.</strong></span> <span class='ocrx_word' id='word_1_45' title='bbox 557 531 668 575; x_wconf 87' lang='lat' dir='ltr'><strong>Diss.</strong></span> <span class='ocrx_word' id='word_1_46' title='bbox 685 531 715 573; x_wconf 92' lang='lat' dir='ltr'><strong>I.</strong></span> <span class='ocrx_word' id='word_1_47' title='bbox 742 532 777 586; x_wconf 62' lang='grc' dir='ltr'><strong>ξ</strong></span> <span class='ocrx_word' id='word_1_48' title='bbox 790 532 830 574; x_wconf 83' lang='grc'><strong>3.</strong></span> <span class='ocrx_word' id='word_1_49' title='bbox 862 531 915 574; x_wconf 87' lang='lat' dir='ltr'><strong>ab</strong></span> <span class='ocrx_word' id='word_1_50' title='bbox 938 527 1005 574; x_wconf 68' lang='grc' dir='ltr'><strong>ὅω</strong></span> <span class='ocrx_word' id='word_1_51' title='bbox 1025 537 1065 575; x_wconf 81' lang='lat' dir='ltr'><strong>et</strong></span> <span class='ocrx_word' id='word_1_52' title='bbox 1084 529 1191 585; x_wconf 80' lang='grc' dir='ltr'><strong>ψάω</strong></span> <span class='ocrx_word' id='word_1_53' title='bbox 1213 525 1329 585; x_wconf 64' lang='grc' dir='ltr'><em>αὔρα</em></span> <span class='ocrx_word' id='word_1_54' title='bbox 1352 535 1391 573; x_wconf 82' lang='lat' dir='ltr'><strong>et</strong></span> <span class='ocrx_word' id='word_1_55' title='bbox 1410 526 1564 587; x_wconf 81' lang='grc' dir='ltr'><em>ψώρα,·</em></span> <span class='ocrx_word' id='word_1_56' title='bbox 1590 529 1676 579; x_wconf 75' lang='lat' dir='ltr'><strong>duo,</strong></span> 
     </span>
     <span class='ocr_line' id='line_1_7' title="bbox 203 593 1671 652; baseline -0.002 -11"><span class='ocrx_word' id='word_1_57' title='bbox 203 597 437 648; x_wconf 84' lang='lat' dir='ltr'><strong>dentalibus</strong></span> <span class='ocrx_word' id='word_1_58' title='bbox 476 598 581 641; x_wconf 84' lang='lat' dir='ltr'><strong>fulta</strong></span> <span class='ocrx_word' id='word_1_59' title='bbox 610 595 740 650; x_wconf 81' lang='grc' dir='ltr'><em>κνύζα</em></span> <span class='ocrx_word' id='word_1_60' title='bbox 772 611 798 640; x_wconf 86' lang='lat' dir='ltr'><strong>a</strong></span> <span class='ocrx_word' id='word_1_61' title='bbox 827 595 939 640; x_wconf 83' lang='grc' dir='ltr'><em>κνύω</em></span> <span class='ocrx_word' id='word_1_62' title='bbox 967 596 1120 640; x_wconf 86' lang='lat' dir='ltr'><strong>Herod.</strong></span> <span class='ocrx_word' id='word_1_63' title='bbox 1149 594 1245 639; x_wconf 88' lang='lat' dir='ltr'><strong>EM.</strong></span> <span class='ocrx_word' id='word_1_64' title='bbox 1275 595 1371 647; x_wconf 78' lang='lat'><strong>523,</strong></span> <span class='ocrx_word' id='word_1_65' title='bbox 1399 597 1440 640; x_wconf 90' lang='grc'><strong>7.</strong></span> <span class='ocrx_word' id='word_1_66' title='bbox 1478 602 1517 638; x_wconf 82' lang='lat' dir='ltr'><strong>et</strong></span> <span class='ocrx_word' id='word_1_67' title='bbox 1542 593 1671 652; x_wconf 74' lang='grc' dir='ltr'>μάθη</span> 
     </span>
     <span class='ocr_line' id='line_1_8' title="bbox 202 658 1673 721; baseline -0.001 -13"><span class='ocrx_word' id='word_1_68' title='bbox 202 679 228 709; x_wconf 92' lang='lat' dir='ltr'><strong>a</strong></span> <span class='ocrx_word' id='word_1_69' title='bbox 255 663 374 719; x_wconf 86' lang='grc' dir='ltr'><strong>μαίω</strong></span> <span class='ocrx_word' id='word_1_70' title='bbox 405 664 597 719; x_wconf 87' lang='grc' dir='ltr'><em>μαίομαι</em></span> <span class='ocrx_word' id='word_1_71' title='bbox 623 664 673 708; x_wconf 83' lang='grc' dir='ltr'><strong>τὸ</strong></span> <span class='ocrx_word' id='word_1_72' title='bbox 706 664 831 721; x_wconf 77' lang='grc' dir='ltr'>ζητῶ,</span> <span class='ocrx_word' id='word_1_73' title='bbox 860 663 967 707; x_wconf 89' lang='lat' dir='ltr'><strong>unde</strong></span> <span class='ocrx_word' id='word_1_74' title='bbox 997 665 1121 707; x_wconf 87' lang='lat' dir='ltr'><strong>etiam</strong></span> <span class='ocrx_word' id='word_1_75' title='bbox 1149 669 1335 706; x_wconf 90' lang='lat' dir='ltr'><strong>neutrum</strong></span> <span class='ocrx_word' id='word_1_76' title='bbox 1361 660 1514 716; x_wconf 73' lang='grc' dir='ltr'><strong><em>μάθος</em></strong></span> <span class='ocrx_word' id='word_1_77' title='bbox 1540 658 1566 719; x_wconf 83' lang='grc' dir='ltr'><strong><em>ἡ</em></strong></span> <span class='ocrx_word' id='word_1_78' title='bbox 1600 659 1673 718; x_wconf 86' lang='grc' dir='ltr'><strong>ζή-</strong></span> 
     </span>
     <span class='ocr_line' id='line_1_9' title="bbox 201 728 1680 787; baseline -0.002 -13"><span class='ocrx_word' id='word_1_79' title='bbox 201 747 327 787; x_wconf 82' lang='grc' dir='ltr'>τησις</span> <span class='ocrx_word' id='word_1_80' title='bbox 356 738 396 774; x_wconf 86' lang='lat' dir='ltr'><strong>et</strong></span> <span class='ocrx_word' id='word_1_81' title='bbox 431 733 652 785; x_wconf 70' lang='grc' dir='ltr'><strong><em>μαθιῦμαι</em></strong></span> <span class='ocrx_word' id='word_1_82' title='bbox 698 731 808 787; x_wconf 82' lang='grc' dir='ltr'>ζητῶ</span> <span class='ocrx_word' id='word_1_83' title='bbox 837 730 936 773; x_wconf 92' lang='lat' dir='ltr'><strong>Hes.</strong></span> <span class='ocrx_word' id='word_1_84' title='bbox 966 730 1036 773; x_wconf 92' lang='lat' dir='ltr'><strong>ubi</strong></span> <span class='ocrx_word' id='word_1_85' title='bbox 1065 730 1244 773; x_wconf 87' lang='lat' dir='ltr'><strong>fortasse</strong></span> <span class='ocrx_word' id='word_1_86' title='bbox 1286 728 1566 785; x_wconf 79' lang='lat' dir='ltr'><strong>conjunctivus</strong></span> <span class='ocrx_word' id='word_1_87' title='bbox 1598 741 1680 785; x_wconf 49' lang='lat' dir='ltr'><strong>pos</strong></span> 
     </span>
     <span class='ocr_line' id='line_1_10' title="bbox 202 793 1681 853; baseline -0.002 -13"><span class='ocrx_word' id='word_1_88' title='bbox 202 797 360 841; x_wconf 87' lang='lat' dir='ltr'><strong>nendus</strong></span> <span class='ocrx_word' id='word_1_89' title='bbox 389 795 612 851; x_wconf 73' lang='grc' dir='ltr'><em>μάθωμαι</em></span> <span class='ocrx_word' id='word_1_90' title='bbox 638 803 857 853; x_wconf 90' lang='lat' dir='ltr'><strong>usurpatus</strong></span> <span class='ocrx_word' id='word_1_91' title='bbox 892 797 1046 840; x_wconf 86' lang='lat' dir='ltr'><strong>alicubi</strong></span> <span class='ocrx_word' id='word_1_92' title='bbox 1075 809 1150 852; x_wconf 92' lang='lat' dir='ltr'><strong>pro</strong></span> <span class='ocrx_word' id='word_1_93' title='bbox 1176 793 1326 850; x_wconf 79' lang='grc' dir='ltr'><em>μάθω.</em></span> <span class='ocrx_word' id='word_1_94' title='bbox 1386 793 1473 838; x_wconf 87' lang='lat' dir='ltr'><strong>Sed</strong></span> <span class='ocrx_word' id='word_1_95' title='bbox 1501 794 1681 847; x_wconf 85' lang='lat' dir='ltr'><strong>eaedem</strong></span> 
     </span>
     <span class='ocr_line' id='line_1_11' title="bbox 201 862 1674 920; baseline -0.001 -14"><span class='ocrx_word' id='word_1_96' title='bbox 201 863 350 907; x_wconf 84' lang='lat' dir='ltr'><strong>literae</strong></span> <span class='ocrx_word' id='word_1_97' title='bbox 379 876 670 920; x_wconf 87' lang='lat' dir='ltr'><strong>nonnunquam</strong></span> <span class='ocrx_word' id='word_1_98' title='bbox 710 865 834 906; x_wconf 87' lang='lat' dir='ltr'><strong>etiam</strong></span> <span class='ocrx_word' id='word_1_99' title='bbox 873 865 1069 907; x_wconf 88' lang='lat' dir='ltr'><strong>consonis</strong></span> <span class='ocrx_word' id='word_1_100' title='bbox 1103 862 1323 907; x_wconf 89' lang='lat' dir='ltr'><strong>verborum</strong></span> <span class='ocrx_word' id='word_1_101' title='bbox 1358 874 1440 905; x_wconf 88' lang='lat' dir='ltr'><strong>non</strong></span> <span class='ocrx_word' id='word_1_102' title='bbox 1481 873 1674 918; x_wconf 88' lang='lat' dir='ltr'><strong>purorum</strong></span> 
     </span>
     <span class='ocr_line' id='line_1_12' title="bbox 203 927 1686 985; baseline -0.001 -13"><span class='ocrx_word' id='word_1_103' title='bbox 203 930 397 973; x_wconf 85' lang='lat' dir='ltr'><strong>finalibus</strong></span> <span class='ocrx_word' id='word_1_104' title='bbox 429 943 474 973; x_wconf 91' lang='lat' dir='ltr'><strong>se</strong></span> <span class='ocrx_word' id='word_1_105' title='bbox 495 930 714 982; x_wconf 76' lang='lat' dir='ltr'><strong>aeclinant,</strong></span> <span class='ocrx_word' id='word_1_106' title='bbox 745 943 828 973; x_wconf 89' lang='lat' dir='ltr'><strong>non</strong></span> <span class='ocrx_word' id='word_1_107' title='bbox 857 943 1000 973; x_wconf 90' lang='lat' dir='ltr'><strong>omnes</strong></span> <span class='ocrx_word' id='word_1_108' title='bbox 1031 929 1219 973; x_wconf 90' lang='lat' dir='ltr'><strong>omnibus</strong></span> <span class='ocrx_word' id='word_1_109' title='bbox 1249 941 1382 985; x_wconf 88' lang='lat' dir='ltr'><strong>neque</strong></span> <span class='ocrx_word' id='word_1_110' title='bbox 1413 929 1524 972; x_wconf 85' lang='lat' dir='ltr'><strong>omni</strong></span> <span class='ocrx_word' id='word_1_111' title='bbox 1553 927 1686 979; x_wconf 41' lang='lat' dir='ltr'><strong>modo,</strong></span> 
     </span>
     <span class='ocr_line' id='line_1_13' title="bbox 206 995 1676 1053; baseline -0.002 -14"><span class='ocrx_word' id='word_1_112' title='bbox 206 996 278 1039; x_wconf 88' lang='lat' dir='ltr'><strong>sed</strong></span> <span class='ocrx_word' id='word_1_113' title='bbox 309 1003 351 1038; x_wconf 90' lang='lat' dir='ltr'><strong>ut</strong></span> <span class='ocrx_word' id='word_1_114' title='bbox 380 997 575 1051; x_wconf 90' lang='lat' dir='ltr'><strong>cujusque</strong></span> <span class='ocrx_word' id='word_1_115' title='bbox 602 996 681 1039; x_wconf 88' lang='lat' dir='ltr'><strong>sert</strong></span> <span class='ocrx_word' id='word_1_116' title='bbox 707 998 950 1053; x_wconf 86' lang='lat' dir='ltr'><strong>proprietas.</strong></span> <span class='ocrx_word' id='word_1_117' title='bbox 1008 995 1070 1039; x_wconf 89' lang='lat' dir='ltr'><strong>Ex</strong></span> <span class='ocrx_word' id='word_1_118' title='bbox 1095 995 1174 1039; x_wconf 89' lang='lat' dir='ltr'><strong>hoc</strong></span> <span class='ocrx_word' id='word_1_119' title='bbox 1196 1008 1364 1038; x_wconf 90' lang='lat' dir='ltr'><strong>numero</strong></span> <span class='ocrx_word' id='word_1_120' title='bbox 1389 999 1676 1038; x_wconf 84' lang='lat' dir='ltr'><strong>extraneorum</strong></span> 
     </span>
     <span class='ocr_line' id='line_1_14' title="bbox 204 1058 1676 1120; baseline -0.001 -15"><span class='ocrx_word' id='word_1_121' title='bbox 204 1064 436 1105; x_wconf 87' lang='lat' dir='ltr'><strong>insinuatur</strong></span> <span class='ocrx_word' id='word_1_122' title='bbox 452 1063 624 1117; x_wconf 92' lang='lat' dir='ltr'><strong>primum</strong></span> <span class='ocrx_word' id='word_1_123' title='bbox 644 1061 825 1114; x_wconf 85' lang='lat' dir='ltr'>lambda,</span> <span class='ocrx_word' id='word_1_124' title='bbox 856 1061 980 1120; x_wconf 81' lang='grc' dir='ltr'><strong>παρὰ</strong></span> <span class='ocrx_word' id='word_1_125' title='bbox 1009 1061 1058 1105; x_wconf 84' lang='grc' dir='ltr'><strong>τὸ</strong></span> <span class='ocrx_word' id='word_1_126' title='bbox 1092 1061 1224 1114; x_wconf 81' lang='grc' dir='ltr'><em>ζεύξω</em></span> <span class='ocrx_word' id='word_1_127' title='bbox 1257 1058 1408 1117; x_wconf 82' lang='grc' dir='ltr'><em>ζεύγλη</em></span> <span class='ocrx_word' id='word_1_128' title='bbox 1440 1058 1501 1113; x_wconf 84' lang='grc' dir='ltr'><strong>ὥς</strong></span> <span class='ocrx_word' id='word_1_129' title='bbox 1523 1058 1676 1118; x_wconf 85' lang='grc' dir='ltr'><em>τρώξω</em></span> 
     </span>
     <span class='ocr_line' id='line_1_15' title="bbox 204 1124 1677 1185; baseline -0.001 -14"><span class='ocrx_word' id='word_1_130' title='bbox 204 1127 377 1185; x_wconf 78' lang='grc' dir='ltr'><em>τρώγλη</em></span> <span class='ocrx_word' id='word_1_131' title='bbox 403 1125 499 1170; x_wconf 85' lang='lat' dir='ltr'><strong>EM.</strong></span> <span class='ocrx_word' id='word_1_132' title='bbox 515 1128 610 1180; x_wconf 82' lang='lat'><strong>661,</strong></span> <span class='ocrx_word' id='word_1_133' title='bbox 636 1128 702 1172; x_wconf 89' lang='grc'><strong>14.</strong></span> <span class='ocrx_word' id='word_1_134' title='bbox 733 1129 842 1185; x_wconf 92' lang='lat' dir='ltr'><strong>quod</strong></span> <span class='ocrx_word' id='word_1_135' title='bbox 873 1128 1083 1171; x_wconf 87' lang='lat' dir='ltr'><strong>coufirmat</strong></span> <span class='ocrx_word' id='word_1_136' title='bbox 1109 1128 1356 1183; x_wconf 83' lang='lat' dir='ltr'><strong>synonymia</strong></span> <span class='ocrx_word' id='word_1_137' title='bbox 1384 1128 1502 1171; x_wconf 87' lang='lat' dir='ltr'><strong>vocis</strong></span> <span class='ocrx_word' id='word_1_138' title='bbox 1531 1124 1677 1182; x_wconf 79' lang='grc' dir='ltr'><em>γρώνη</em></span> 
     </span>
     <span class='ocr_line' id='line_1_16' title="bbox 207 1186 1678 1253; baseline -0.001 -14"><span class='ocrx_word' id='word_1_139' title='bbox 207 1209 339 1240; x_wconf 85' lang='lat' dir='ltr'><strong>cavea</strong></span> <span class='ocrx_word' id='word_1_140' title='bbox 379 1209 405 1238; x_wconf 91' lang='lat' dir='ltr'><strong>a</strong></span> <span class='ocrx_word' id='word_1_141' title='bbox 433 1194 554 1253; x_wconf 78' lang='grc' dir='ltr'><em>γράω</em></span> <span class='ocrx_word' id='word_1_142' title='bbox 585 1197 687 1240; x_wconf 90' lang='lat' dir='ltr'><strong>rodo</strong></span> <span class='ocrx_word' id='word_1_143' title='bbox 726 1197 949 1248; x_wconf 84' lang='lat' dir='ltr'><strong>deductae3</strong></span> <span class='ocrx_word' id='word_1_144' title='bbox 989 1196 1199 1252; x_wconf 88' lang='lat' dir='ltr'><strong>aliquanto</strong></span> <span class='ocrx_word' id='word_1_145' title='bbox 1240 1196 1409 1252; x_wconf 86' lang='lat' dir='ltr'><strong>saepius</strong></span> <span class='ocrx_word' id='word_1_146' title='bbox 1433 1186 1481 1248; x_wconf 67' lang='grc' dir='ltr'><strong>ἶ,</strong></span> <span class='ocrx_word' id='word_1_147' title='bbox 1518 1192 1678 1252; x_wconf 85' lang='grc' dir='ltr'>πήσσω</span> 
     </span>
     <span class='ocr_line' id='line_1_17' title="bbox 208 1258 1679 1320; baseline -0.001 -15"><span class='ocrx_word' id='word_1_148' title='bbox 208 1259 351 1319; x_wconf 84' lang='grc' dir='ltr'>πάχνη</span> <span class='ocrx_word' id='word_1_149' title='bbox 380 1260 476 1305; x_wconf 89' lang='lat' dir='ltr'><strong>EM.</strong></span> <span class='ocrx_word' id='word_1_150' title='bbox 491 1261 559 1314; x_wconf 86' lang='lat'><strong>40,</strong></span> <span class='ocrx_word' id='word_1_151' title='bbox 585 1263 652 1306; x_wconf 86' lang='grc'><strong>30.</strong></span> <span class='ocrx_word' id='word_1_152' title='bbox 682 1261 818 1315; x_wconf 79' lang='grc' dir='ltr'><em>τεύξω</em></span> <span class='ocrx_word' id='word_1_153' title='bbox 849 1263 971 1319; x_wconf 82' lang='grc' dir='ltr'><strong><em>τέχνη</em></strong></span> <span class='ocrx_word' id='word_1_154' title='bbox 992 1262 1086 1312; x_wconf 78' lang='grc'>181,</span> <span class='ocrx_word' id='word_1_155' title='bbox 1114 1261 1181 1304; x_wconf 85' lang='lat'><strong>57.</strong></span> <span class='ocrx_word' id='word_1_156' title='bbox 1210 1260 1374 1320; x_wconf 80' lang='grc' dir='ltr'><em>ἐρείπω</em></span> <span class='ocrx_word' id='word_1_157' title='bbox 1407 1258 1563 1320; x_wconf 73' lang='grc' dir='ltr'><strong>ἔρι’πνη</strong></span> <span class='ocrx_word' id='word_1_158' title='bbox 1580 1259 1679 1304; x_wconf 88' lang='lat' dir='ltr'><strong>Sch.</strong></span> 
     </span>
     <span class='ocr_line' id='line_1_18' title="bbox 206 1326 1680 1387; baseline 0.001 -17"><span class='ocrx_word' id='word_1_159' title='bbox 206 1326 296 1372; x_wconf 92' lang='lat' dir='ltr'><strong>Nic.</strong></span> <span class='ocrx_word' id='word_1_160' title='bbox 328 1327 406 1371; x_wconf 91' lang='lat' dir='ltr'><strong>Th.</strong></span> <span class='ocrx_word' id='word_1_161' title='bbox 435 1330 503 1371; x_wconf 89' lang='lat'><strong>22.</strong></span> <span class='ocrx_word' id='word_1_162' title='bbox 536 1329 659 1387; x_wconf 83' lang='grc' dir='ltr'><em>φέρω</em></span> <span class='ocrx_word' id='word_1_163' title='bbox 699 1329 861 1387; x_wconf 79' lang='grc' dir='ltr'><em>φέρνη,</em></span> <span class='ocrx_word' id='word_1_164' title='bbox 900 1342 980 1385; x_wconf 92' lang='lat' dir='ltr'><strong>quo</strong></span> <span class='ocrx_word' id='word_1_165' title='bbox 1018 1328 1203 1385; x_wconf 86' lang='lat' dir='ltr'><strong>exemplo</strong></span> <span class='ocrx_word' id='word_1_166' title='bbox 1244 1327 1430 1371; x_wconf 87' lang='lat' dir='ltr'><strong>adducor</strong></span> <span class='ocrx_word' id='word_1_167' title='bbox 1462 1334 1504 1370; x_wconf 88' lang='lat' dir='ltr'><strong>ut</strong></span> <span class='ocrx_word' id='word_1_168' title='bbox 1533 1327 1680 1384; x_wconf 83' lang='grc' dir='ltr'><em>Κέρνα</em></span> 
     </span>
     <span class='ocr_line' id='line_1_19' title="bbox 210 1390 1683 1452; baseline -0.002 -13"><span class='ocrx_word' id='word_1_169' title='bbox 210 1390 332 1450; x_wconf 71' lang='grc' dir='ltr'>ἀξίνη</span> <span class='ocrx_word' id='word_1_170' title='bbox 354 1393 452 1438; x_wconf 90' lang='lat' dir='ltr'><strong>Hes.</strong></span> <span class='ocrx_word' id='word_1_171' title='bbox 474 1409 501 1439; x_wconf 90' lang='lat' dir='ltr'><strong>a</strong></span> <span class='ocrx_word' id='word_1_172' title='bbox 521 1395 653 1452; x_wconf 77' lang='grc' dir='ltr'><em>κείρω</em></span> <span class='ocrx_word' id='word_1_173' title='bbox 683 1403 812 1439; x_wconf 88' lang='lat' dir='ltr'><strong>ortum</strong></span> <span class='ocrx_word' id='word_1_174' title='bbox 844 1396 1096 1446; x_wconf 81' lang='lat' dir='ltr'><strong>existimem3</strong></span> <span class='ocrx_word' id='word_1_175' title='bbox 1125 1407 1219 1437; x_wconf 85' lang='lat' dir='ltr'><strong>nam</strong></span> <span class='ocrx_word' id='word_1_176' title='bbox 1243 1397 1389 1451; x_wconf 83' lang='grc' dir='ltr'><em>κεῖραι</em></span> <span class='ocrx_word' id='word_1_177' title='bbox 1417 1394 1527 1437; x_wconf 91' lang='lat' dir='ltr'><strong>idem</strong></span> <span class='ocrx_word' id='word_1_178' title='bbox 1555 1396 1683 1437; x_wconf 88' lang='lat' dir='ltr'><strong>inter-</strong></span> 
     </span>
     <span class='ocr_line' id='line_1_20' title="bbox 206 1459 1682 1520; baseline 0.001 -18"><span class='ocrx_word' id='word_1_179' title='bbox 206 1467 390 1517; x_wconf 86' lang='lat' dir='ltr'><strong>pretatur</strong></span> <span class='ocrx_word' id='word_1_180' title='bbox 430 1459 572 1518; x_wconf 84' lang='grc' dir='ltr'><strong><em>κόψαι</em></strong></span> <span class='ocrx_word' id='word_1_181' title='bbox 603 1461 631 1520; x_wconf 80' lang='grc' dir='ltr'>ἢ</span> <span class='ocrx_word' id='word_1_182' title='bbox 669 1461 816 1517; x_wconf 88' lang='grc' dir='ltr'><strong><em>σχίσαι</em></strong></span> <span class='ocrx_word' id='word_1_183' title='bbox 843 1460 970 1513; x_wconf 83' lang='grc' dir='ltr'><strong><em>ξύλα,</em></strong></span> <span class='ocrx_word' id='word_1_184' title='bbox 1009 1468 1048 1504; x_wconf 86' lang='lat' dir='ltr'><strong>et</strong></span> <span class='ocrx_word' id='word_1_185' title='bbox 1086 1462 1147 1504; x_wconf 93' lang='lat' dir='ltr'><strong>sic</strong></span> <span class='ocrx_word' id='word_1_186' title='bbox 1187 1463 1356 1518; x_wconf 87' lang='lat' dir='ltr'><strong>saepius</strong></span> <span class='ocrx_word' id='word_1_187' title='bbox 1393 1460 1547 1516; x_wconf 84' lang='lat' dir='ltr'><strong>legitur</strong></span> <span class='ocrx_word' id='word_1_188' title='bbox 1583 1473 1682 1504; x_wconf 82' lang='lat' dir='ltr'><strong>con-</strong></span> 
     </span>
     <span class='ocr_line' id='line_1_21' title="bbox 207 1522 1681 1585; baseline 0 -16"><span class='ocrx_word' id='word_1_189' title='bbox 207 1527 448 1582; x_wconf 83' lang='lat' dir='ltr'><strong>gruentibus</strong></span> <span class='ocrx_word' id='word_1_190' title='bbox 465 1528 699 1571; x_wconf 88' lang='lat' dir='ltr'><strong>nominibus</strong></span> <span class='ocrx_word' id='word_1_191' title='bbox 728 1527 823 1570; x_wconf 92' lang='lat' dir='ltr'><strong>hinc</strong></span> <span class='ocrx_word' id='word_1_192' title='bbox 851 1527 1040 1571; x_wconf 80' lang='lat' dir='ltr'><strong>formatis</strong></span> <span class='ocrx_word' id='word_1_193' title='bbox 1070 1527 1235 1585; x_wconf 81' lang='grc' dir='ltr'><em>κορμός</em></span> <span class='ocrx_word' id='word_1_194' title='bbox 1260 1534 1300 1570; x_wconf 89' lang='lat' dir='ltr'><strong>et</strong></span> <span class='ocrx_word' id='word_1_195' title='bbox 1326 1525 1499 1584; x_wconf 82' lang='grc' dir='ltr'><strong>κορσός.</strong></span> <span class='ocrx_word' id='word_1_196' title='bbox 1543 1522 1681 1582; x_wconf 73' lang='grc' dir='ltr'>’Όχνη</span> 
     </span>
     <span class='ocr_line' id='line_1_22' title="bbox 210 1588 1684 1650; baseline 0.001 -15"><span class='ocrx_word' id='word_1_197' title='bbox 210 1594 298 1636; x_wconf 84' lang='lat' dir='ltr'><strong>sive</strong></span> <span class='ocrx_word' id='word_1_198' title='bbox 328 1589 457 1650; x_wconf 67' lang='grc' dir='ltr'><strong>ὄγχνη</strong></span> <span class='ocrx_word' id='word_1_199' title='bbox 488 1592 586 1637; x_wconf 90' lang='lat' dir='ltr'><strong>Sch.</strong></span> <span class='ocrx_word' id='word_1_200' title='bbox 618 1594 795 1638; x_wconf 83' lang='lat' dir='ltr'><strong>Theocr.</strong></span> <span class='ocrx_word' id='word_1_201' title='bbox 826 1593 858 1637; x_wconf 92' lang='grc' dir='ltr'><strong>Ι.</strong></span> <span class='ocrx_word' id='word_1_202' title='bbox 886 1593 979 1636; x_wconf 85' lang='grc'><strong>134.</strong></span> <span class='ocrx_word' id='word_1_203' title='bbox 1022 1589 1114 1636; x_wconf 76' lang='grc' dir='ltr'><strong>ἀπὸ</strong></span> <span class='ocrx_word' id='word_1_204' title='bbox 1147 1595 1227 1637; x_wconf 84' lang='grc' dir='ltr'><strong>τοῦ</strong></span> <span class='ocrx_word' id='word_1_205' title='bbox 1260 1588 1407 1650; x_wconf 78' lang='grc' dir='ltr'><em>ἄγχειν</em></span> <span class='ocrx_word' id='word_1_206' title='bbox 1436 1594 1604 1645; x_wconf 81' lang='grc' dir='ltr'><em>δοκεῖν,</em></span> <span class='ocrx_word' id='word_1_207' title='bbox 1644 1599 1684 1636; x_wconf 87' lang='lat' dir='ltr'><strong>et</strong></span> 
     </span>
     <span class='ocr_line' id='line_1_23' title="bbox 211 1659 1684 1718; baseline 0.001 -17"><span class='ocrx_word' id='word_1_208' title='bbox 211 1660 254 1701; x_wconf 92' lang='lat' dir='ltr'><strong>in</strong></span> <span class='ocrx_word' id='word_1_209' title='bbox 282 1666 427 1702; x_wconf 89' lang='lat' dir='ltr'><strong>nostra</strong></span> <span class='ocrx_word' id='word_1_210' title='bbox 463 1661 758 1704; x_wconf 89' lang='lat' dir='ltr'><strong>consuetudine</strong></span> <span class='ocrx_word' id='word_1_211' title='bbox 789 1662 952 1718; x_wconf 87' lang='lat' dir='ltr'><strong>species</strong></span> <span class='ocrx_word' id='word_1_212' title='bbox 991 1659 1195 1716; x_wconf 86' lang='lat' dir='ltr'><strong>quaedam</strong></span> <span class='ocrx_word' id='word_1_213' title='bbox 1232 1661 1412 1716; x_wconf 87' lang='lat' dir='ltr'><strong>pirorum</strong></span> <span class='ocrx_word' id='word_1_214' title='bbox 1450 1660 1684 1703; x_wconf 81' lang='lat' dir='ltr'><strong>nominatur</strong></span> 
     </span>
     <span class='ocr_line' id='line_1_24' title="bbox 218 1724 1685 1783; baseline 0 -15"><span class='ocrx_word' id='word_1_215' title='bbox 218 1724 461 1778; x_wconf 76' lang='lat' dir='ltr'><strong>Wuerqbirn</strong></span> <span class='ocrx_word' id='word_1_216' title='bbox 485 1734 525 1770; x_wconf 91' lang='lat' dir='ltr'><strong>et</strong></span> <span class='ocrx_word' id='word_1_217' title='bbox 542 1727 863 1781; x_wconf 75' lang='lat' dir='ltr'><strong>Straenqelbirn,</strong></span> <span class='ocrx_word' id='word_1_218' title='bbox 892 1726 999 1783; x_wconf 91' lang='lat' dir='ltr'><strong>quod</strong></span> <span class='ocrx_word' id='word_1_219' title='bbox 1018 1725 1226 1769; x_wconf 85' lang='lat' dir='ltr'><strong>Frischius</strong></span> <span class='ocrx_word' id='word_1_220' title='bbox 1245 1726 1379 1770; x_wconf 84' lang='lat' dir='ltr'><strong>reddit</strong></span> <span class='ocrx_word' id='word_1_221' title='bbox 1397 1727 1530 1783; x_wconf 88' lang='lat' dir='ltr'><strong>pirum</strong></span> <span class='ocrx_word' id='word_1_222' title='bbox 1548 1733 1685 1770; x_wconf 86' lang='lat' dir='ltr'><strong>stran-</strong></span> 
     </span>
     <span class='ocr_line' id='line_1_25' title="bbox 211 1791 1685 1850; baseline 0.001 -17"><span class='ocrx_word' id='word_1_223' title='bbox 211 1791 481 1846; x_wconf 75' lang='lat' dir='ltr'><strong>gul-amrium,</strong></span> <span class='ocrx_word' id='word_1_224' title='bbox 513 1800 552 1836; x_wconf 91' lang='lat' dir='ltr'><strong>et</strong></span> <span class='ocrx_word' id='word_1_225' title='bbox 581 1793 882 1848; x_wconf 82' lang='lat' dir='ltr'><strong>francogallice</strong></span> <span class='ocrx_word' id='word_1_226' title='bbox 914 1793 1218 1846; x_wconf 61' lang='lat' dir='ltr'><strong>&amp;tranquillam</strong></span> <span class='ocrx_word' id='word_1_227' title='bbox 1257 1806 1334 1836; x_wconf 92' lang='lat' dir='ltr'><strong>nec</strong></span> <span class='ocrx_word' id='word_1_228' title='bbox 1362 1792 1565 1836; x_wconf 88' lang='lat' dir='ltr'><strong>dissimile</strong></span> <span class='ocrx_word' id='word_1_229' title='bbox 1598 1794 1685 1850; x_wconf 88' lang='lat' dir='ltr'><strong>epi-</strong></span> 
     </span>
     <span class='ocr_line' id='line_1_26' title="bbox 210 1855 1685 1916; baseline 0.001 -16"><span class='ocrx_word' id='word_1_230' title='bbox 210 1857 349 1901; x_wconf 79' lang='lat' dir='ltr'><strong>theton</strong></span> <span class='ocrx_word' id='word_1_231' title='bbox 367 1857 493 1902; x_wconf 89' lang='lat' dir='ltr'><strong>hahet</strong></span> <span class='ocrx_word' id='word_1_232' title='bbox 521 1861 633 1916; x_wconf 89' lang='lat' dir='ltr'><strong>pirus</strong></span> <span class='ocrx_word' id='word_1_233' title='bbox 663 1859 869 1903; x_wconf 89' lang='lat' dir='ltr'><strong>silvestris</strong></span> <span class='ocrx_word' id='word_1_234' title='bbox 885 1855 1070 1915; x_wconf 75' lang='grc' dir='ltr'><em>ὄῖχερόος</em></span> <span class='ocrx_word' id='word_1_235' title='bbox 1093 1856 1335 1914; x_wconf 76' lang='grc' dir='ltr'><em>πνιγόεσσα</em></span> <span class='ocrx_word' id='word_1_236' title='bbox 1351 1857 1685 1902; x_wconf 78' lang='lat' dir='ltr'><strong>Anth.V11.536.</strong></span> 
     </span>
     <span class='ocr_line' id='line_1_27' title="bbox 213 1922 1683 1983; baseline 0.001 -18"><span class='ocrx_word' id='word_1_237' title='bbox 213 1923 413 1967; x_wconf 87' lang='lat' dir='ltr'><strong>Assumta</strong></span> <span class='ocrx_word' id='word_1_238' title='bbox 443 1925 591 1968; x_wconf 85' lang='lat' dir='ltr'><strong>labiali</strong></span> <span class='ocrx_word' id='word_1_239' title='bbox 632 1939 657 1968; x_wconf 88' lang='lat' dir='ltr'><strong>a</strong></span> <span class='ocrx_word' id='word_1_240' title='bbox 692 1924 834 1982; x_wconf 83' lang='grc' dir='ltr'><em>πείρω</em></span> <span class='ocrx_word' id='word_1_241' title='bbox 863 1924 944 1979; x_wconf 86' lang='lat' dir='ltr'><strong>figo</strong></span> <span class='ocrx_word' id='word_1_242' title='bbox 983 1925 1210 1968; x_wconf 86' lang='lat' dir='ltr'><strong>derivatum</strong></span> <span class='ocrx_word' id='word_1_243' title='bbox 1246 1932 1310 1968; x_wconf 89' lang='lat' dir='ltr'><strong>est</strong></span> <span class='ocrx_word' id='word_1_244' title='bbox 1347 1922 1505 1983; x_wconf 83' lang='grc' dir='ltr'>πόρπη</span> <span class='ocrx_word' id='word_1_245' title='bbox 1542 1924 1683 1968; x_wconf 82' lang='lat' dir='ltr'><strong>fibula.</strong></span> 
     </span>
     <span class='ocr_line' id='line_1_28' title="bbox 202 1983 1688 2046; baseline 0.003 -16"><span class='ocrx_word' id='word_1_246' title='bbox 202 1983 372 2031; x_wconf 75' lang='grc' dir='ltr'><em>’Ἀελλα</em></span> <span class='ocrx_word' id='word_1_247' title='bbox 402 1990 566 2033; x_wconf 90' lang='lat' dir='ltr'><strong>dubium</strong></span> <span class='ocrx_word' id='word_1_248' title='bbox 596 1991 722 2034; x_wconf 86' lang='lat' dir='ltr'><strong>habui</strong></span> <span class='ocrx_word' id='word_1_249' title='bbox 753 2003 832 2045; x_wconf 89' lang='lat' dir='ltr'><strong>quo</strong></span> <span class='ocrx_word' id='word_1_250' title='bbox 861 1990 956 2033; x_wconf 90' lang='lat' dir='ltr'><strong>loco</strong></span> <span class='ocrx_word' id='word_1_251' title='bbox 986 2002 1279 2046; x_wconf 83' lang='lat' dir='ltr'><strong>proponerem3</strong></span> <span class='ocrx_word' id='word_1_252' title='bbox 1308 2004 1406 2034; x_wconf 90' lang='lat' dir='ltr'><strong>nam</strong></span> <span class='ocrx_word' id='word_1_253' title='bbox 1429 1992 1464 2034; x_wconf 86' lang='lat' dir='ltr'><strong>si</strong></span> <span class='ocrx_word' id='word_1_254' title='bbox 1494 2004 1597 2035; x_wconf 85' lang='lat' dir='ltr'><strong>vera</strong></span> <span class='ocrx_word' id='word_1_255' title='bbox 1624 1998 1728 2040; x_wconf 90' lang='lat' dir='ltr'><strong>est</strong></span> 
     </span>
     <span class='ocr_line' id='line_1_29' title="bbox 213 2051 1684 2114; baseline 0.003 -18"><span class='ocrx_word' id='word_1_256' title='bbox 213 2055 435 2109; x_wconf 78' lang='lat' dir='ltr'><strong>originatio</strong></span> <span class='ocrx_word' id='word_1_257' title='bbox 467 2054 592 2112; x_wconf 85' lang='grc' dir='ltr'><strong>παρὰ</strong></span> <span class='ocrx_word' id='word_1_258' title='bbox 633 2056 683 2098; x_wconf 81' lang='grc' dir='ltr'><strong>τὸ</strong></span> <span class='ocrx_word' id='word_1_259' title='bbox 725 2051 791 2098; x_wconf 72' lang='grc' dir='ltr'><strong>δέω</strong></span> <span class='ocrx_word' id='word_1_260' title='bbox 832 2051 892 2106; x_wconf 83' lang='grc' dir='ltr'><strong>ὡς</strong></span> <span class='ocrx_word' id='word_1_261' title='bbox 930 2052 1030 2098; x_wconf 77' lang='grc' dir='ltr'><strong>θύω</strong></span> <span class='ocrx_word' id='word_1_262' title='bbox 1068 2053 1240 2098; x_wconf 52' lang='grc' dir='ltr'><em>’θύελλα</em></span> <span class='ocrx_word' id='word_1_263' title='bbox 1278 2054 1420 2100; x_wconf 85' lang='lat' dir='ltr'><strong>Orion.</strong></span> <span class='ocrx_word' id='word_1_264' title='bbox 1449 2071 1487 2114; x_wconf 90' lang='lat' dir='ltr'><strong>p.</strong></span> <span class='ocrx_word' id='word_1_265' title='bbox 1518 2058 1585 2108; x_wconf 87' lang='lat'><strong>73,</strong></span> <span class='ocrx_word' id='word_1_266' title='bbox 1615 2058 1684 2100; x_wconf 84' lang='lat'><strong>21.</strong></span> 
     </span>
    </p>

    <p class='ocr_par' dir='ltr' id='par_1_3' title="bbox 212 2118 1715 2444">
     <span class='ocr_line' id='line_1_30' title="bbox 212 2118 1715 2178; baseline 0.003 -16"><span class='ocrx_word' id='word_1_267' title='bbox 212 2118 350 2163; x_wconf 83' lang='lat' dir='ltr'><strong>Cram.</strong></span> <span class='ocrx_word' id='word_1_268' title='bbox 372 2120 402 2163; x_wconf 92' lang='lat' dir='ltr'><strong>l.</strong></span> <span class='ocrx_word' id='word_1_269' title='bbox 427 2122 493 2164; x_wconf 83' lang='lat'><strong>60.</strong></span> <span class='ocrx_word' id='word_1_270' title='bbox 526 2121 577 2164; x_wconf 87' lang='lat' dir='ltr'><strong>ad</strong></span> <span class='ocrx_word' id='word_1_271' title='bbox 608 2134 825 2178; x_wconf 79' lang='lat' dir='ltr'><strong>paragoga</strong></span> <span class='ocrx_word' id='word_1_272' title='bbox 852 2120 1066 2176; x_wconf 84' lang='lat' dir='ltr'><strong>bisyllaba</strong></span> <span class='ocrx_word' id='word_1_273' title='bbox 1086 2124 1271 2177; x_wconf 84' lang='lat' dir='ltr'><strong>pertinet,</strong></span> <span class='ocrx_word' id='word_1_274' title='bbox 1301 2135 1408 2178; x_wconf 88' lang='lat' dir='ltr'><strong>quae</strong></span> <span class='ocrx_word' id='word_1_275' title='bbox 1436 2126 1611 2168; x_wconf 82' lang='lat' dir='ltr'><strong>tractavi</strong></span> <span class='ocrx_word' id='word_1_276' title='bbox 1641 2126 1684 2166; x_wconf 89' lang='lat' dir='ltr'><strong>in</strong></span> <span class='ocrx_word' id='word_1_277' title='bbox 1714 2142 1715 2149; x_wconf 47' lang='lat'>¹</span> 
     </span>
     <span class='ocr_line' id='line_1_31' title="bbox 212 2185 1686 2247; baseline 0.004 -19"><span class='ocrx_word' id='word_1_278' title='bbox 212 2185 407 2243; x_wconf 82' lang='lat' dir='ltr'><strong>Prolegg.</strong></span> <span class='ocrx_word' id='word_1_279' title='bbox 438 2186 611 2230; x_wconf 89' lang='lat' dir='ltr'><strong>Dissert.</strong></span> <span class='ocrx_word' id='word_1_280' title='bbox 640 2186 689 2230; x_wconf 87' lang='lat'><strong>11.</strong></span> <span class='ocrx_word' id='word_1_281' title='bbox 719 2187 793 2230; x_wconf 90' lang='lat' dir='ltr'><strong>sed</strong></span> <span class='ocrx_word' id='word_1_282' title='bbox 822 2187 1002 2230; x_wconf 84' lang='lat' dir='ltr'><strong>fortasse</strong></span> <span class='ocrx_word' id='word_1_283' title='bbox 1035 2200 1118 2230; x_wconf 88' lang='lat' dir='ltr'><strong>non</strong></span> <span class='ocrx_word' id='word_1_284' title='bbox 1148 2189 1332 2245; x_wconf 87' lang='lat' dir='ltr'><strong>spiritum</strong></span> <span class='ocrx_word' id='word_1_285' title='bbox 1359 2191 1524 2247; x_wconf 88' lang='lat' dir='ltr'><strong>proprie</strong></span> <span class='ocrx_word' id='word_1_286' title='bbox 1554 2192 1686 2246; x_wconf 84' lang='lat' dir='ltr'><strong>signi-</strong></span> 
     </span>
     <span class='ocr_line' id='line_1_32' title="bbox 214 2251 1687 2310; baseline 0.004 -16"><span class='ocrx_word' id='word_1_287' title='bbox 214 2251 309 2295; x_wconf 85' lang='lat' dir='ltr'><strong>ficat</strong></span> <span class='ocrx_word' id='word_1_288' title='bbox 339 2253 412 2296; x_wconf 88' lang='lat' dir='ltr'><strong>sed</strong></span> <span class='ocrx_word' id='word_1_289' title='bbox 448 2255 643 2297; x_wconf 84' lang='lat' dir='ltr'><strong>vorticem</strong></span> <span class='ocrx_word' id='word_1_290' title='bbox 672 2254 781 2296; x_wconf 88' lang='lat' dir='ltr'><strong>venti</strong></span> <span class='ocrx_word' id='word_1_291' title='bbox 813 2267 838 2296; x_wconf 88' lang='lat' dir='ltr'><strong>a</strong></span> <span class='ocrx_word' id='word_1_292' title='bbox 866 2252 994 2297; x_wconf 87' lang='lat' dir='ltr'><strong>verbo</strong></span> <span class='ocrx_word' id='word_1_293' title='bbox 1025 2251 1142 2305; x_wconf 75' lang='grc' dir='ltr'><em>εἷ’λω,</em></span> <span class='ocrx_word' id='word_1_294' title='bbox 1173 2254 1280 2310; x_wconf 90' lang='lat' dir='ltr'><strong>quod</strong></span> <span class='ocrx_word' id='word_1_295' title='bbox 1301 2256 1476 2299; x_wconf 81' lang='lat' dir='ltr'><strong>maxime</strong></span> <span class='ocrx_word' id='word_1_296' title='bbox 1495 2258 1687 2300; x_wconf 87' lang='lat' dir='ltr'><strong>convenit</strong></span> 
     </span>
     <span class='ocr_line' id='line_1_33' title="bbox 213 2314 1687 2375; baseline 0.005 -16"><span class='ocrx_word' id='word_1_297' title='bbox 213 2314 439 2374; x_wconf 89' lang='lat' dir='ltr'><strong>Euripideo</strong></span> <span class='ocrx_word' id='word_1_298' title='bbox 470 2314 624 2362; x_wconf 71' lang='grc' dir='ltr'><em>ἷίελλαι</em></span> <span class='ocrx_word' id='word_1_299' title='bbox 658 2314 830 2375; x_wconf 70' lang='grc' dir='ltr'><em>ἄστρων</em></span> <span class='ocrx_word' id='word_1_300' title='bbox 860 2319 902 2362; x_wconf 90' lang='lat' dir='ltr'><strong>id</strong></span> <span class='ocrx_word' id='word_1_301' title='bbox 931 2327 994 2362; x_wconf 89' lang='lat' dir='ltr'><strong>est</strong></span> <span class='ocrx_word' id='word_1_302' title='bbox 1024 2321 1262 2375; x_wconf 86' lang='lat' dir='ltr'><strong>vertigines,</strong></span> <span class='ocrx_word' id='word_1_303' title='bbox 1293 2322 1470 2364; x_wconf 89' lang='lat' dir='ltr'><strong>circites.</strong></span> <span class='ocrx_word' id='word_1_304' title='bbox 1528 2320 1687 2366; x_wconf 85' lang='lat' dir='ltr'><strong>Eadem</strong></span> 
     </span>
     <span class='ocr_line' id='line_1_34' title="bbox 214 2382 1687 2444; baseline 0.005 -19"><span class='ocrx_word' id='word_1_305' title='bbox 214 2382 415 2427; x_wconf 83' lang='lat' dir='ltr'><strong>dubitatio</strong></span> <span class='ocrx_word' id='word_1_306' title='bbox 444 2392 507 2428; x_wconf 89' lang='lat' dir='ltr'><strong>est</strong></span> <span class='ocrx_word' id='word_1_307' title='bbox 549 2384 600 2427; x_wconf 93' lang='lat' dir='ltr'><strong>de</strong></span> <span class='ocrx_word' id='word_1_308' title='bbox 628 2383 859 2442; x_wconf 83' lang='grc' dir='ltr'><strong>πλημύρα,</strong></span> <span class='ocrx_word' id='word_1_309' title='bbox 899 2392 1029 2428; x_wconf 91' lang='lat' dir='ltr'><strong>utrum</strong></span> <span class='ocrx_word' id='word_1_310' title='bbox 1060 2399 1087 2429; x_wconf 88' lang='lat' dir='ltr'><strong>a</strong></span> <span class='ocrx_word' id='word_1_311' title='bbox 1123 2385 1340 2444; x_wconf 82' lang='grc' dir='ltr'><strong>πλημύρω</strong></span> <span class='ocrx_word' id='word_1_312' title='bbox 1378 2387 1604 2431; x_wconf 85' lang='lat' dir='ltr'><strong>derivatum</strong></span> <span class='ocrx_word' id='word_1_313' title='bbox 1634 2391 1687 2432; x_wconf 88' lang='lat' dir='ltr'><strong>sit</strong></span> 
     </span>
    </p>
   </div>
   <div class='ocr_carea' id='block_1_3' title="bbox 214 2448 1685 2561">
    <p class='ocr_par' dir='ltr' id='par_1_4' title="bbox 214 2448 1685 2561">
     <span class='ocr_line' id='line_1_35' title="bbox 214 2448 1685 2510; baseline 0.005 -19"><span class='ocrx_word' id='word_1_314' title='bbox 214 2449 506 2509; x_wconf 78' lang='grc' dir='ltr'><strong>ιη’πορφύρω</strong></span> <span class='ocrx_word' id='word_1_315' title='bbox 538 2448 752 2507; x_wconf 85' lang='grc' dir='ltr'><em>πορφύρα</em></span> <span class='ocrx_word' id='word_1_316' title='bbox 791 2464 843 2494; x_wconf 85' lang='lat' dir='ltr'><strong>an</strong></span> <span class='ocrx_word' id='word_1_317' title='bbox 874 2463 902 2494; x_wconf 80' lang='lat' dir='ltr'><strong>a</strong></span> <span class='ocrx_word' id='word_1_318' title='bbox 938 2448 1090 2510; x_wconf 82' lang='grc' dir='ltr'>πλήμη</span> <span class='ocrx_word' id='word_1_319' title='bbox 1129 2451 1240 2495; x_wconf 81' lang='grc' dir='ltr'><strong><em>κατὰ</em></strong></span> <span class='ocrx_word' id='word_1_320' title='bbox 1273 2453 1560 2510; x_wconf 85' lang='grc' dir='ltr'><em>παρωνυμίαν</em></span> <span class='ocrx_word' id='word_1_321' title='bbox 1588 2452 1685 2498; x_wconf 82' lang='grc' dir='ltr'><em>τινά</em></span> 
     </span>
     <span class='ocr_line' id='line_1_36' title="bbox 215 2513 969 2561; baseline 0.004 -5"><span class='ocrx_word' id='word_1_322' title='bbox 215 2522 256 2556; x_wconf 88' lang='lat' dir='ltr'><strong>ut</strong></span> <span class='ocrx_word' id='word_1_323' title='bbox 284 2513 524 2560; x_wconf 87' lang='lat' dir='ltr'><strong>Eustathius</strong></span> <span class='ocrx_word' id='word_1_324' title='bbox 556 2518 613 2559; x_wconf 88' lang='lat' dir='ltr'><strong>ait</strong></span> <span class='ocrx_word' id='word_1_325' title='bbox 644 2517 699 2559; x_wconf 88' lang='lat' dir='ltr'><strong>ad</strong></span> <span class='ocrx_word' id='word_1_326' title='bbox 726 2515 847 2561; x_wconf 91' lang='lat' dir='ltr'><strong>Dion.</strong></span> <span class='ocrx_word' id='word_1_327' title='bbox 875 2516 969 2559; x_wconf 76' lang='lat'>198.</span> 
     </span>
    </p>
   </div>
   <div class='ocr_carea' id='block_1_4' title="bbox 215 2582 1687 2774">
    <p class='ocr_par' dir='ltr' id='par_1_5' title="bbox 215 2582 1687 2774">
     <span class='ocr_line' id='line_1_37' title="bbox 324 2582 1684 2644; baseline 0.006 -21"><span class='ocrx_word' id='word_1_328' title='bbox 324 2582 360 2636; x_wconf 83' lang='lat'><strong>§.</strong></span> <span class='ocrx_word' id='word_1_329' title='bbox 390 2582 431 2624; x_wconf 81' lang='lat'><strong>5.</strong></span> <span class='ocrx_word' id='word_1_330' title='bbox 490 2582 570 2636; x_wconf 89' lang='lat' dir='ltr'><strong>Qui</strong></span> <span class='ocrx_word' id='word_1_331' title='bbox 601 2583 866 2640; x_wconf 87' lang='lat' dir='ltr'><strong>disputationi</strong></span> <span class='ocrx_word' id='word_1_332' title='bbox 902 2589 1070 2627; x_wconf 87' lang='lat' dir='ltr'><strong>nostrae</strong></span> <span class='ocrx_word' id='word_1_333' title='bbox 1101 2596 1127 2626; x_wconf 84' lang='lat' dir='ltr'><strong>a</strong></span> <span class='ocrx_word' id='word_1_334' title='bbox 1163 2585 1293 2640; x_wconf 91' lang='lat' dir='ltr'><strong>primo</strong></span> <span class='ocrx_word' id='word_1_335' title='bbox 1323 2586 1516 2641; x_wconf 78' lang='lat' dir='ltr'><strong>ingressu</strong></span> <span class='ocrx_word' id='word_1_336' title='bbox 1555 2599 1684 2644; x_wconf 88' lang='lat' dir='ltr'><strong>usque</strong></span> 
     </span>
     <span class='ocr_line' id='line_1_38' title="bbox 215 2646 1685 2706; baseline 0.005 -18"><span class='ocrx_word' id='word_1_337' title='bbox 215 2646 268 2689; x_wconf 90' lang='lat' dir='ltr'><strong>ad</strong></span> <span class='ocrx_word' id='word_1_338' title='bbox 297 2646 405 2692; x_wconf 89' lang='lat' dir='ltr'><strong>hunc</strong></span> <span class='ocrx_word' id='word_1_339' title='bbox 431 2648 568 2693; x_wconf 91' lang='lat' dir='ltr'><strong>locum</strong></span> <span class='ocrx_word' id='word_1_340' title='bbox 599 2662 767 2706; x_wconf 88' lang='lat' dir='ltr'><strong>operam</strong></span> <span class='ocrx_word' id='word_1_341' title='bbox 788 2649 986 2700; x_wconf 89' lang='lat' dir='ltr'><strong>dederint,</strong></span> <span class='ocrx_word' id='word_1_342' title='bbox 1015 2649 1189 2693; x_wconf 84' lang='lat' dir='ltr'><strong>forsitan</strong></span> <span class='ocrx_word' id='word_1_343' title='bbox 1220 2651 1357 2694; x_wconf 90' lang='lat' dir='ltr'><strong>mirati</strong></span> <span class='ocrx_word' id='word_1_344' title='bbox 1379 2653 1461 2695; x_wconf 89' lang='lat' dir='ltr'><strong>sint</strong></span> <span class='ocrx_word' id='word_1_345' title='bbox 1489 2665 1562 2695; x_wconf 88' lang='lat' dir='ltr'><strong>cur</strong></span> <span class='ocrx_word' id='word_1_346' title='bbox 1583 2666 1685 2696; x_wconf 86' lang='lat' dir='ltr'><strong>non-</strong></span> 
     </span>
     <span class='ocr_line' id='line_1_39' title="bbox 217 2711 1687 2774; baseline 0.006 -21"><span class='ocrx_word' id='word_1_347' title='bbox 217 2711 333 2755; x_wconf 86' lang='lat' dir='ltr'><strong>nulla</strong></span> <span class='ocrx_word' id='word_1_348' title='bbox 363 2717 543 2767; x_wconf 84' lang='lat' dir='ltr'><strong>nomina,</strong></span> <span class='ocrx_word' id='word_1_349' title='bbox 575 2728 682 2771; x_wconf 87' lang='lat' dir='ltr'><strong>quae</strong></span> <span class='ocrx_word' id='word_1_350' title='bbox 705 2715 972 2760; x_wconf 86' lang='lat' dir='ltr'><strong>Grammatici</strong></span> <span class='ocrx_word' id='word_1_351' title='bbox 1002 2717 1239 2773; x_wconf 86' lang='lat' dir='ltr'><strong>paronymis</strong></span> <span class='ocrx_word' id='word_1_352' title='bbox 1271 2717 1551 2774; x_wconf 81' lang='lat' dir='ltr'><strong>adnumerant,</strong></span> <span class='ocrx_word' id='word_1_353' title='bbox 1580 2720 1687 2763; x_wconf 89' lang='lat' dir='ltr'><strong>inter</strong></span> 
     </span>
    </p>
   </div>
  </div>
 </body>
</html>
