1728 3120
54 170 101 252 f
265 169 368 215 Ciu».
392 168 460 213 lv.
517 167 590 213 DE
620 168 819 214 VERBIS
849 169 1220 216 DENTALIBUS.
1390 174 1487 222 107

54 253 61 295 '⁵
88 278 105 298 ’“
139 285 162 322 Β
187 296 251 329 ns
277 280 460 342 βήσσειν
494 291 536 328 et
576 287 976 342 onomatopoeticum
1004 282 1214 343 βράσσειν
1243 286 1390 331 eodem
1418 290 1492 332 niti

32 332 39 371 ⁴
190 358 276 397 nto
302 365 342 397 v.
370 350 641 396 Parall.402.
670 352 718 396 In
749 353 889 411 Apoll.
907 352 974 396 w.
1003 353 1101 397 819.
1121 352 1374 413 Ἥφαιστον
1403 356 1490 400 ιω-

32 400 38 432 ⁸
104 423 133 447 ’-
211 417 472 479 πρήσσοντα
512 418 657 478 πυρὸς
701 420 833 475 μένος
875 428 916 465 et
960 436 998 465 v.
1043 422 1166 466 1537.
1210 419 1492 480 πρήσσοντος

33 479 35 488 ’
142 485 422 545 Brunckius
451 489 590 545 sigma
620 488 796 546 simplex
833 489 1062 542 substituit3
1098 488 1362 534 Wellauerus
1388 505 1490 536 vero

31 604 35 622 ι
111 555 287 600 verbum
329 553 501 613 πρήθω
538 564 705 613 praeter
746 557 1029 614 imperfectum
1067 556 1208 615 Epicis
1251 560 1490 603 inusitatum

31 672 34 686 Ι
174 623 406 676 contendit,
436 637 488 669 ex
516 624 638 668 libris
665 625 899 676 nonnullis,
929 628 999 682 qui
1028 633 1200 683 utroque
1226 626 1323 672 loco
1353 630 1491 685 sigma

31 687 34 698 '
86 702 97 726 “2
128 709 173 730 ›2‹
224 698 424 737 consueto
464 705 607 737 errore
636 695 838 744 omittunt,
878 693 1056 738 confecit
1088 708 1289 751 praesens
1328 694 1488 754 πρήσω

30 748 37 774 ⁸
84 765 238 817 „affine
267 762 472 815 alienunn
511 777 689 822 namque
726 765 771 807 in
793 754 865 808 οἶν
902 764 1060 808 ιιιιΙΙιιιιι
1087 765 1258 809 verbum
1297 767 1380 810 exit
1407 768 1492 810 nisi

31 817 34 842 ¹
94 831 98 835 ’
119 843 148 876 a
175 831 412 890 duplicat03
446 830 681 889 Hesychius
711 845 785 889 pro
809 828 1056 890 Ἔκρησσῶν
1084 834 1185 888 (sic)
1216 835 1371 890 φυσῶν
1400 836 1492 878 sine

94 901 138 944 io
173 912 260 945 non
298 897 564 958 ἐκπρήσσων
600 900 769 958 scripsit
799 906 843 942 ut
869 898 1077 944 Kuestero
1116 900 1274 957 placet,
1314 902 1390 946 sed
1420 902 1493 947 ε’κ-

29 958 33 973 '
81 981 197 1013 σων
222 966 399 1012 futurum
428 968 652 1025 praesenti,
682 974 725 1011 ut
742 980 884 1025 saepe,
913 969 1228 1026 interpretatus3
1258 983 1494 1028 quanquam

28 1027 32 1043 ⁵
99 1054 101 1057 ·
124 1054 128 1073 r
164 1036 291 1079 sentit
307 1034 546 1080 Dindorfius
571 1037 615 1078 in
641 1034 770 1079 Thes.
802 1034 1043 1080 Ceterorum
1066 1036 1286 1081 verborum
1315 1052 1400 1083 una
1429 1047 1494 1084 est

28 1087 45 1156 ',
104 1103 298 1148 matio.
355 1101 448 1148 Duo
489 1104 719 1160 composuit
759 1102 1000 1147 Eustathius
1037 1118 1077 1162 p.
1102 1104 1234 1158 1882,
1264 1105 1332 1150 18.
1368 1107 1493 1153 πέλω

83 1220 86 1222 ,
139 1170 352 1230 πλήσσω,
393 1170 515 1216 πέτω
545 1173 646 1216 πτῶ
674 1169 882 1230 πτήσσω,
912 1185 1083 1229 quorum
1112 1175 1285 1230 primum
1314 1175 1493 1220 obscure

26 1229 47 1299 f¹
70 1235 72 1237 ’
93 1251 136 1284 o
163 1238 303 1284 elucet
329 1251 382 1284 ex
411 1238 611 1283 derivatis
643 1239 881 1295 πελεμίζω,
915 1240 1025 1298 quod
1054 1239 1151 1285 EM.
1180 1242 1244 1286 illi
1275 1243 1495 1288 subnatum

26 1296 46 1309 ”
113 1314 174 1360 et,
210 1314 252 1355 et
278 1306 514 1364 Πέπληται
550 1307 806 1364 πέπληκται
843 1307 942 1352 Hes.
979 1322 1213 1366 quanquam
1248 1311 1289 1354 id
1330 1326 1492 1370 quoque

43 1362 46 1381 ’
97 1381 221 1420 metat
247 1373 466 1420 Albertius
502 1389 578 1434 pro
616 1375 873 1433 πέπληκται
909 1378 1126 1433 corrigens
1160 1378 1416 1438 πέπλησται
1451 1388 1495 1424 ut

82 1445 168 1488 Γτο
205 1439 415 1502 ἐπλήσθη
454 1456 481 1487 a
515 1441 765 1526 πίμπλημι.
825 1444 1027 1503 Quodque
1065 1447 1108 1489 in
1137 1444 1267 1504 Epim
1298 1446 1434 1492 Cram.
1465 1448 1496 1493 Ι.

80 1512 304 1570 &ponitur
319 1514 399 1556 τοῦ
428 1512 530 1557 πλῶ
560 1509 584 1555 ὅ
613 1511 786 1565 μέλλων
811 1511 971 1570 πλήσω
1001 1513 1051 1565 ἐξ
1073 1507 1125 1557 οὑ
1150 1515 1495 1573 τειχεσιπλήτης,

109 1579 277 1624 dubium
304 1592 359 1623 ne
388 1579 463 1623 ille
493 1579 547 1623 ad
579 1579 694 1622 aliud
721 1580 908 1623 retulerit
936 1583 1183 1639 principium
1213 1583 1319 1626 unde
1339 1585 1494 1640 Πλῆτο

40 1645 251 1740 ελάσθη
280 1653 322 1691 et
349 1645 533 1704 Πλήτης
559 1643 770 1705 πελάτης.
831 1649 870 1691 Α
889 1651 989 1692 πτῶ
1014 1650 1238 1693 secundum
1264 1653 1499 1708 proportio-

93 1715 330 1759 «derivata
346 1721 441 1758 sunt
470 1712 755 1772 καταπτήτην
784 1722 825 1759 et
852 1716 1081 1774 πεπτηώς,
1111 1719 1226 1774 cujus
1257 1718 1407 1776 duplex
1434 1726 1500 1763 est

74 1782 278 1835 ffificatio,
306 1796 392 1828 una
411 1785 665 1828 conveniens
683 1786 895 1841 praesenti
919 1782 1118 1843 πτήσσω,
1151 1786 1285 1830 altera
1304 1787 1497 1840 cadendi,

123 1850 441 1896 Buttmannus
472 1852 610 1908 rejicit
651 1851 728 1894 sed
761 1851 876 1896 clare
913 1855 1119 1906 expressit
1145 1853 1317 1898 Nonnus
1346 1853 1497 1900 XVIII.

54 1925 112 1964 l
141 1923 295 1965 πεσεῖν
321 1914 764 1975 μέλλοντα-οὔποτε
794 1923 1062 1977 πεπτηῶτα,
1091 1935 1170 1966 nec
1203 1923 1318 1966 aliud
1346 1937 1499 1967 sonare

87 1994 178 2033 etur
213 1987 468 2033 homericum
511 1984 642 2032 ἀκταὶ
685 1987 862 2042 λιμένος
909 1994 1266 2048 ποτιπεπτηυῖαι
1311 1991 1392 2036 hoc
1435 1998 1501 2036 est

92 2078 98 2095 ι
170 2059 418 2100 επτωκυῖαι
443 2062 486 2100 ut
499 2053 740 2100 Eustathius
768 2056 966 2114 explicat,
997 2052 1269 2114 ἀστράγαλοι
1299 2058 1500 2118 πεπτηό-

116 2122 481 2168 Anth.V11.427.
510 2122 651 2168 ἵπποι
677 2140 813 2168 πεπτ.
844 2122 977 2168 Νοιιιι.
1007 2122 1227 2168 XXXVII.
1260 2127 1355 2170 359.
1397 2141 1499 2185 quo-

91 2190 238 2236 nihil
259 2192 314 2236 ad
343 2189 529 2250 πτήσσω
548 2191 698 2235 referri
726 2198 874 2249 potest.
931 2190 1119 2249 Denique
1140 2195 1361 2239 verborum
1386 2197 1499 2254 ipso-

68 2272 109 2304 ιιι
137 2266 293 2317 quanta
330 2260 385 2302 sit
411 2260 646 2315 conjunctio
676 2259 892 2303 declarant
921 2260 1113 2315 syntheta
1148 2263 1430 2321 καταπτῆξαι
1462 2271 1502 2306 et

59 2330 291 2372 ταπεσεῖν
319 2329 456 2371 animo
501 2327 744 2378 concidere,
789 2334 829 2370 et
856 2327 987 2371 verba
1015 2328 1147 2372 latina
1182 2338 1365 2374 sternere
1400 2346 1499 2375 con

20 1968 51 1998 ¹2·

20 2032 62 2073 Η,

19 2166 78 2204 Ιι

18 2234 59 2273 l.

17 2316 52 2481 {i
141 2413 150 2433 ι
215 2428 227 2445 ,
258 2396 403 2438 cadere
431 2395 618 2444 caedere,
659 2394 848 2451 quodque
881 2394 1113 2452 Hesychius
1142 2400 1377 2454 exsignavit
1406 2397 1501 2442 Κά-

23 2508 25 2511 ,
57 2493 61 2503 ·
83 2478 124 2507 ει
143 2462 334 2522 (καπτῇ)
357 2462 600 2521 καταπέση,
632 2464 668 2505 si
691 2465 780 2506 sine
801 2463 1135 2520 interpretatione
1160 2467 1351 2510 traditum
1375 2474 1500 2517 esset,

16 2571 31 2608 ἓ
52 2540 143 2575 ino
174 2531 300 2575 sciret
328 2537 461 2574 utrum
492 2529 546 2573 ad
575 2529 728 2574 πίπτω
760 2532 982 2588 pertineat,
1027 2545 1081 2575 an
1112 2533 1165 2576 ad
1198 2532 1407 2590 πτήσσω,
1448 2547 1502 2581 au

33 2575 93 2636 τι
130 2597 305 2655 vulgare
336 2596 484 2655 ἔπτην,
514 2597 593 2642 hoc
612 2606 676 2642 est
706 2598 760 2641 ad
790 2599 996 2653 πέτομαι,
1027 2613 1081 2643 an
1108 2615 1181 2658 pro
1214 2601 1501 2660 καταπετάση

16 2642 54 2717 ,⁹
61 2666 200 2710 situm
237 2668 310 2717 sit,
353 2666 469 2722 cujus
506 2667 686 2710 aoristus
727 2662 927 2718 ἇναπτάς
970 2667 1190 2724 legebatur
1224 2670 1267 2711 iu
1298 2668 1500 2716 Zenodoti

48 2735 232 2787 itione3
262 2733 503 2792 quibuscum
533 2736 765 2792 comparari
795 2743 966 2792 possunt
995 2734 1153 2787 πτοία,
1185 2734 1390 2788 πτώσσω,
1421 2739 1501 2783 πέ-

35 2861 49 2902 ’τ’
