1708 3126
208 207 273 251 54
653 197 1121 243 DISSERTATIO
1165 197 1234 242 111.

209 313 297 357 Nec
326 314 494 356 diversa
530 316 622 353 sunt
653 308 830 367 ἅμέργω
859 325 898 355 v.
924 311 1169 368 Bernhardy
1207 312 1260 355 ad
1291 309 1412 354 Dion.
1442 323 1480 368 p.
1513 309 1610 354 590.
1640 323 1660 354 e

210 376 467 436 ὀμόργνυμι.
526 376 602 420 His
630 379 738 420 enim
768 378 957 422 omnibus
986 393 1071 423 una
1099 379 1242 422 subest
1269 378 1380 422 actio
1408 376 1614 421 mulcendi
1642 380 1684 422 et

211 444 461 500 stringendi,
495 450 615 501 prout
644 457 744 486 usus
767 447 950 497 venerit,
979 447 1196 490 remissior
1224 445 1482 488 intentiorve.
1539 442 1684 501 Itaque

208 512 341 555 ubera
373 511 605 566 mulgentur
635 507 934 567 (ἀμέλγονται)
963 513 1134 557 frondes
1172 514 1425 567 stringuntur
1451 506 1686 568 (duspyow

210 584 302 632 ται)
342 578 393 621 cf.
437 576 646 621 Wernick.
694 578 747 620 ad
787 576 943 635 Tryph.
981 594 1019 637 p.
1056 579 1151 622 305.
1173 583 1216 630 ⁶)
1274 577 1511 635 Eodemque
1549 577 1689 632 vergit

209 644 388 699 θέλγειν
427 644 624 694 delinire,
663 644 882 687 debilitare
922 659 960 688 v.
997 644 1178 689 Nitzsch.
1218 644 1272 687 ad
1304 642 1456 700 Odyss.
1491 640 1546 686 X.
1584 642 1685 687 213.

212 709 303 762 Quo
338 712 472 754 minus
515 713 661 754 mirum
698 710 962 768 Hippocratis
1000 714 1245 769 interpretes
1285 709 1455 755 verbum
1499 706 1690 766 ἅθέλγεέ

211 781 323 820 σθαι
350 778 473 821 modo
492 791 567 835 per
582 775 866 835 θηλάζεσθαι
895 780 983 822 sive
1001 777 1296 833 ἐκθλίβεσθαι
1313 774 1538 834 explicare,
1562 776 1689 820 modo:

210 856 285 900 per
318 843 571 900 παρίεσθαι
612 851 652 887 et
692 842 955 896 ἐκλύεσθαι,
999 858 1079 901 quo
1120 845 1244 886 etiam
1277 842 1451 886 latinum
1477 855 1683 899 exsugere

208 911 467 962 transfertur,
494 924 627 965 neque
651 911 908 954 disconvenit
922 910 1145 955 Phavorini
1171 913 1574 968 interpretamentum
1590 910 1690 966 dmm

209 979 416 1020 θεῖσθαι.
475 976 666 1035 Σφίγγω,
693 977 800 1034 quod
818 975 960 1022 Schol.
983 977 1029 1020 Il.
1047 976 1175 1020 XVII.
1192 978 1288 1021 372.
1319 991 1410 1021 oum
1439 974 1558 1035 σφήν
1587 983 1696 1020 cona

211 1042 311 1094 fert,
346 1046 532 1100 pressius
571 1044 732 1087 accedit
760 1044 814 1087 ad
841 1042 962 1102 σφήξ
989 1051 1029 1088 et
1058 1046 1316 1102 σφηκιῦσαι,
1350 1040 1689 1101 Ἐσφηκωμένος

212 1108 476 1167 ἐσφιγμένος
505 1110 602 1154 Sch.
633 1110 680 1153 ll.
703 1109 834 1154 XVII.
850 1111 918 1154 52.
949 1111 1048 1155 Hes.
1070 1111 1186 1155 Phot.
1222 1109 1445 1169 σφήκωμα
1477 1108 1528 1153 τὸ
1559 1109 1699 1166 ἐσφα-1

211 1174 363 1229 γμένον
391 1176 541 1233 Phryn.
572 1178 676 1235 App.
706 1178 773 1221 64.
804 1181 1044 1237 σφιγκτῆρι
1081 1175 1351 1236 σφηκώσατο
1385 1175 1519 1220 Noun.
1548 1171 1697 1230 XXV.

212 1241 308 1284 505.
337 1257 416 1287 nec
444 1244 720 1301 improbabile
753 1244 856 1287 illud
886 1241 1026 1302 φιμός
1046 1241 1139 1288 ἀπὸ
1172 1245 1252 1287 τοῦ
1281 1240 1452 1301 σφίγγω
1477 1240 1573 1285 EM.
1589 1242 1701 1293 795..

210 1308 279 1351 20.
331 1307 451 1367 σφήν
496 1318 630 1354 autem
679 1324 769 1354 cum
813 1310 944 1365 σχίζω
989 1311 1099 1354 findo
1143 1309 1467 1367 componendum
1512 1309 1683 1353 videtur.

211 1372 513 1431 Στρεύγεσθαι
542 1390 625 1420 non
644 1390 695 1420 ex
724 1375 1077 1433 στραγγεύεσθαι
1104 1383 1146 1420 ut
1163 1374 1403 1419 Eustathius
1432 1377 1490 1419 ait
1507 1389 1546 1433 p.
1560 1375 1703 1429 1441.

210 1439 279 1482 60.
310 1449 562 1486 contractum
593 1444 668 1486 sed
698 1457 749 1487 ex
775 1445 1055 1500 στρέφεσθαι
1083 1450 1223 1486 natum
1249 1449 1332 1493 est,
1363 1455 1443 1518 quo
1458 1440 1554 1486 EM.
1581 1442 1704 1487 illud

213 1506 454 1560 declaravit,
484 1512 729 1566 proprieque
763 1510 969 1565 significat
998 1516 1160 1553 vertere
1191 1522 1287 1553 sese
1317 1515 1358 1551 et
1387 1509 1708 1565 circumagere

210 1579 295 1615 tum
324 1576 595 1630 tergiversari
625 1583 667 1618 et
694 1589 888 1627 cessare,
929 1578 972 1620 id
1002 1577 1111 1634 quod
1141 1576 1269 1620 latine
1308 1575 1458 1619 dicitur
1484 1579 1708 1630 striqareg.

211 1639 564 1696 στραγγεύεσθαι
586 1655 687 1686 vero
719 1655 744 1685 a
763 1643 926 1686 nomine
946 1643 1110 1687 verbali
1138 1639 1312 1698 στράγξ,
1341 1641 1422 1686 hoc
1442 1655 1470 1685 a
1492 1643 1684 1699 στρέγγω
1703 1651 1708 1672 “

212 1705 391 1763 στρέφω
410 1706 660 1760 derivatum3
690 1708 891 1764 Didymus
920 1711 964 1752 in
979 1708 1121 1754 Schol.
1137 1707 1277 1766 Apoll
1294 1706 1362 1750 IV.
1378 1708 1502 1752 1058.
1531 1715 1708 1765 owen-³

212 1768 395 1825 γόμενος
414 1772 800 1828 καταπονούμενος
828 1772 855 1832 ἢ
884 1774 1259 1834 προςὸιατρίβων·
1278 1773 1400 1819 ὅθεν
1429 1774 1504 1819 καὶ
1525 1770 1708 1832 στράγξέ

212 1832 239 1893 ἦ
270 1836 382 1879 κατὰ
414 1839 555 1894 βραχὺ
593 1838 781 1895 πρόεσις
809 1844 887 1884 τοῦ
915 1841 1137 1894 ϋόατος-
1153 1841 1227 1885 καὶ
1254 1842 1281 1899 ἦ
1322 1841 1616 1900 στραγγουρία
1644 1841 1708 1886 ἰὰ)

212 1909 276 1945 est
304 1902 447 1947 lotium
477 1904 710 1948 substillum
741 1908 828 1950 sive
860 1909 980 1951 urina
1008 1916 1200 1952 tortuosa
1228 1914 1271 1951 ut
1298 1907 1458 1951 Plinius
1487 1915 1622 1952 vocat.
1643 1913 1708 1962 ⁷)2'

103 1953 129 2018 ¹,
212 1968 318 2013 Hine
344 1983 444 2014 vero
473 1978 574 2014 nata
602 1971 730 2014 verba
757 1986 975 2030 paragoga
1005 1975 1288 2033 στραγγίζειν,
1321 1975 1429 2031 quod
1453 1973 1705 2030 Hesychius<

213 2038 378 2093 exponit
402 2037 583 2090 πιέζειν,
615 2044 655 2080 et
684 2039 1008 2096 στραγγεύομαι
1037 2042 1248 2094 πιέζομαι
1265 2039 1363 2083 Sch.
1394 2040 1523 2084 Arist.
1552 2040 1708 2085 Nubbst

213 2103 308 2144 132.
340 2109 460 2159 atque
491 2106 659 2146 nomina
684 2104 945 2163 στραγγάλῃ,
975 2109 1256 2163 germanicum
1272 2107 1441 2160 Stranq,
1471 2105 1617 2151 Galen.
1636 2108 1708 2151 deff

214 2167 355 2226 Comp.
387 2183 471 2213 sec.
504 2168 631 2213 Loco.
662 2169 711 2212 ΙΙ.
747 2171 843 2213 571.
876 2171 926 2215 Τ.
958 2171 1053 2215 XII.
1085 2171 1356 2231 στραγγαλία
1384 2170 1410 2230 ἦ
1441 2172 1708 2231 συστροφή,ᾊ

212 2235 540 2293 στραγγαλίζειν
582 2237 845 2293 συστρέφειν
890 2237 987 2283 Hes.
1033 2235 1311 2296 ἀστράγαλος
1354 2239 1582 2282 verticillus
1627 2238 1708 2292 ὡς’,

302 2383 340 2427 6)
375 2382 413 2418 ln
438 2383 627 2419 Leonidae
658 2384 780 2431 Epigr.
817 2385 927 2422 XCV.
964 2388 1000 2421 in
1037 2385 1198 2422 Meinek.
1234 2385 1317 2422 Del.
1355 2398 1390 2432 p.
1419 2385 1494 2421 135.
1531 2388 1708 2435 χωρίτης·

212 2436 362 2486 λειμῶνι
350 2453 408 2476 ιον
431 2437 547 2480 ἄνθος
567 2440 662 2489 ἀμέρ
642 2451 775 2481 οτσας
780 2439 897 2489 ύμβον
921 2444 1082 2490 σιεφέτω
1111 2442 1274 2489 Scaliger
1296 2449 1397 2478 recte
1423 2443 1547 2479 scribit
1570 2442 1688 2492 ἀμέρ-

213 2500 284 2536 ξας.
338 2497 415 2532 Sed
445 2498 479 2532 in
504 2500 751 2546 Agamestoris
775 2511 896 2543 ve1·‚su
932 2510 1005 2545 quo
1033 2499 1214 2546 vulgatam
1242 2498 1404 2534 defendit
1429 2498 1614 2535 lacobstus
1638 2499 1686 2535 ad

213 2551 318 2589 Antb.
345 2552 388 2589 P.
415 2566 449 2600 p.
471 2554 549 2591 353.
578 2558 652 2603 πῦρ
674 2555 836 2602 Ἀχιλλέα
855 2557 998 2601 χείλεος
1021 2552 1211 2603 ἀπάμερσε
1234 2555 1426 2601 (privavit)
1449 2555 1549 2591 nullo
1574 2555 1687 2590 modo

211 2608 298 2644 ferri
322 2615 449 2654 posset
474 2610 673 2659 ἀπάμερξε.

302 2666 339 2708 7)
372 2664 392 2709 ἡ
422 2666 511 2703 κατὰ
537 2678 578 2703 σῖ
561 2682 702 2716 ττριγγα
730 2682 772 2704 ου
765 2665 876 2717 ἰρησς
900 2666 1026 2702 Galen.
1051 2663 1196 2701 Definn.
1220 2664 1321 2701 Med.
1346 2678 1381 2712 p.
1407 2665 1485 2703 425.
1515 2666 1555 2703 T.
1581 2665 1682 2703 XIX.

211 2721 415 2810 cui2similis
443 2731 706 2760 menstruorum
735 2722 896 2771 στραγγὴ
921 2720 1100 2771 κάθαρσις
1127 2723 1257 2759 Soron.
1283 2722 1329 2757 de
1349 2722 1519 2759 Muliebr.
1543 2735 1578 2769 p.
1603 2721 1708 2767 213...

210 2780 245 2811 et
292 2776 346 2811 67.
1693 2785 1696 2791 “
