1708 3126
53 155 75 215 3
308 157 413 202 cst.
443 156 494 201 11.
552 155 624 199 DE
656 154 856 200 VERBIS
887 153 1242 200 LABIALIBUS.
1451 160 1516 206 35

43 308 46 316 ,
75 264 78 266 ’
146 269 229 324 etv,
274 267 451 329 κρύφω)
499 283 579 315 nec
625 277 764 314 tamen
811 277 855 314 ut
901 269 1177 314 demonstrari
1225 271 1359 326 possit
1406 272 1516 316 nati-

120 351 234 383 non
263 350 375 382 esse.
429 335 604 390 Eorum,
649 351 757 395 quae
788 338 1122 382 terminationem
1152 350 1235 381 non
1265 351 1409 395 puram
1438 337 1512 383 ha-

90 461 94 463 *
130 438 143 460 ‚
185 418 310 450 unum
337 403 488 465 ρέμβω
519 418 613 450 cum
642 404 821 463 στρὲφω
852 412 893 449 et
921 404 1227 461 significatione
1257 406 1450 462 congruit
1478 413 1519 451 et

90 466 97 476 ὅ
104 486 180 527 a
222 478 418 531 recteque
452 470 598 517 Schol.
630 471 678 516 Il
710 471 819 515 XIV.
851 472 949 516 413.
989 473 1148 517 nomini
1185 470 1410 530 στρόμβος
1441 487 1517 532 ap-

139 547 363 600 tanquam
394 552 669 596 synonymum
699 537 870 596 ῥόμβος
896 540 1042 592 turbo,
1078 540 1144 584 cui
1177 540 1394 584 simillima
1423 548 1517 587 rota

138 621 192 654 ca
221 605 392 667 ῥόμβος
418 615 681 665 nuncupatur
708 615 750 651 et
774 605 1033 666 στρόφαλος
1061 621 1099 651 v.
1119 606 1315 653 Boisson.
1345 609 1400 653 ad
1419 608 1517 654 Ma-

92 688 169 735 p.
185 675 280 720 122.
326 673 489 728 Quodsi
518 674 698 734 στρέφω
727 681 768 719 et
791 674 941 732 ῥέμβω
971 674 1025 718 ab
1049 674 1195 719 ultima
1222 676 1351 733 stirpe
1373 676 1516 735 στρέω

155 756 196 788 o
233 743 480 800 repetimus,
521 743 635 799 cujus
666 742 849 798 vestigia
877 742 1059 785 ostendit
1089 739 1250 799 στόρνη
1287 743 1518 802 strophium

69 809 296 870 .’·στρεύγω
333 825 372 857 v.
404 810 451 856 C
482 811 553 856 111.
584 812 620 868 §.
652 812 690 855 1.
729 810 896 854 literam
924 828 958 865 μ
999 812 1288 893 interpositam
1328 812 1517 858 dicamus

40 928 43 931 ,
71 889 81 920 ’.
114 893 203 925 ¹sse
231 885 316 932 est,
357 893 442 938 qua
477 881 640 924 ratione
669 877 861 923 nonnulli
892 873 1069 933 ἀτέμβει)
1100 891 1153 922 ex
1182 874 1298 923 ἆτέω
1328 881 1518 926 extitisse

98 949 303 1006 picantur.
368 945 540 1003 Στίλβω
583 947 731 990 nescio
776 959 831 990 an
875 944 1036 1002 aliquid
1080 947 1320 989 commercii
1362 946 1520 992 habeat

22 1003 86 1080 ‚⁸
74 1034 105 1053 w
153 1011 280 1071 στίλη
323 1013 475 1065 stilla,
507 1011 698 1071 στιλπνῆ
737 1011 867 1070 ἐέρση
903 1011 1022 1056 Ηοιιι.
1063 1013 1202 1056 lucida
1237 1021 1358 1068 yutta
1393 1014 1518 1060 ovid.

2 1134 5 1140 .
93 1088 135 1127 ι.
163 1079 239 1133 IV,
268 1079 366 1124 522.
395 1081 631 1137 σταλαγεῖν
658 1078 997 1138 μαρμαρύσσειν
1024 1077 1125 1123 Hes.
1142 1104 1198 1112 —
1229 1079 1390 1137 Φέρβω
1422 1097 1521 1140 pro-

42 1197 46 1210 3
65 1146 80 1186 ‘3
122 1147 249 1193 dubio
282 1161 357 1206 pro
387 1146 513 1206 φέρω
544 1154 756 1206 receptum
787 1153 871 1198 est,
912 1146 1021 1190 unde
1057 1145 1210 1204 φέρμα
1247 1147 1298 1192 τὰ
1330 1148 1520 1207 γέννημα

97 1213 295 1260 Aesch.
311 1213 458 1272 Suppl.
473 1214 571 1257 693.
605 1214 774 1274 φέρσαι
795 1213 844 1258 τὸ
871 1216 1077 1272 γεννῆσαι
1100 1212 1200 1258 Sch.
1221 1212 1320 1259 Eur.
1335 1215 1522 1263 Phoenn.

97 1281 219 1327 ubi
240 1280 551 1327 Valckenarius
582 1281 763 1340 φέρψαι
791 1282 964 1338 corrigit
991 1287 1138 1326 contra
1165 1282 1370 1338 regulam.
1411 1283 1520 1330 Nam

112 1363 158 1396 ·a
183 1348 421 1408 huJusmodi
447 1362 532 1393 non
566 1348 830 1393 declinantur
856 1348 968 1393 ultra
996 1349 1283 1407 imperfectum
1311 1352 1397 1395 nisi
1424 1352 1521 1397 lite-

101 1420 251 1467 beta
283 1418 499 1479 praecedit
520 1418 800 1476 diphthongus
841 1436 882 1464 ει
919 1425 963 1462 ιιι
999 1417 1134 1473 λείβω
1172 1419 1319 1478 λείψω
1357 1417 1523 1480 ελειψα

41 1534 44 1539 ,
160 1489 218 1534 b.
254 1488 307 1533 (le
337 1485 470 1532 differ.
503 1486 619 1531 verb.
648 1501 688 1544 p.
717 1486 814 1531 724.
858 1482 1006 1545 εἶφθῇ
1043 1483 1219 1543 ειβηται
1247 1486 1348 1532 Hes.
1387 1506 1524 1534 κατα-

44 1602 55 1630 Γ,
51 1559 214 1616 ειψαι
243 1554 443 1613 Sophocl.
474 1559 552 1598 etc.
592 1554 668 1597 sed
700 1551 1006 1609 ἀτεμβόμενος
1042 1553 1178 1597 solum
1210 1568 1416 1611 praesens
1445 1556 1522 1601 ha-

24 1678 27 1685 ·
67 1637 128 1670 re
159 1622 451 1668 animadvertit
479 1620 580 1665 Sch.
603 1620 745 1678 Apoll.
776 1619 826 1663 ΙΙ.
854 1620 923 1664 56.
955 1627 1098 1664 cetera
1127 1622 1410 1678 imperfectum
1438 1637 1525 1669 non

25 1692 26 1698 ’
59 1692 233 1737 cedere
265 1690 387 1735 docet
411 1687 675 1733 Herodianus
704 1689 749 1731 in
777 1686 887 1731 libro
919 1687 970 1730 de
996 1687 1150 1731 Aclitis
1171 1687 1308 1732 Cram.
1332 1688 1400 1732 IV.
1425 1690 1523 1735 338.

70 1757 206 1804 412.
238 1755 524 1802 Ghoerobosc.
549 1753 685 1813 Epim.
715 1769 753 1812 p.
770 1755 840 1798 62.
867 1760 907 1798 et
934 1753 1032 1798 498
1062 1768 1193 1812 quare
1223 1756 1525 1814 σεσημείωται

48 1822 286 1884 ἓσέφθη
313 1821 442 1880 παρὰ
457 1823 684 1881 Σοφοκλεῖ
712 1839 788 1867 και
778 1818 1016 1865 Πλάτωνι
1045 1829 1085 1866 et
1119 1819 1452 1880 ἁμαρτάνουσιν
1479 1823 1524 1869 οἱ

62 1920 87 1952 ,
105 1908 228 1945 οντες
261 1890 524 1952 ἐῤῥέμφθην
563 1903 603 1948 p.
630 1889 698 1933 17.
728 1896 770 1934 et
801 1888 900 1933 498.
951 1885 1232 1948 Ῥεμφθῆναι
1266 1897 1405 1935 tamen
1439 1890 1525 1937 He-

44 1959 199 2006 chius
223 1957 382 2005 alicubi
402 1957 508 2015 legit
535 1958 728 2015 idemque
750 1956 996 2014 Σέψασθαι
1019 1958 1250 2014 σεφθῆναι
1272 1956 1524 2014 θαυμάσαι.

77 2027 383 2086 *plerumque
406 2025 515 2069 haec
538 2032 727 2083 tempora
749 2025 980 2069 formantur
1003 2036 1030 2067 a
1044 2022 1235 2079 σεβίζειν
1252 2031 1292 2069 et
1307 2022 1525 2081 σεβάζειν.

61 2100 67 2121 ³
143 2095 181 2152 5.
209 2096 250 2138 2.
310 2093 358 2138 Ιιι
386 2094 502 2152 puris
533 2093 745 2137 secundae
770 2092 927 2136 classis
957 2098 1126 2147 praeter
1154 2092 1335 2136 ionicum
1366 2090 1525 2150 τράπω

48 2162 162 2208 ‘olla
181 2175 266 2207 ιιοιι
285 2162 454 2219 reperio
480 2159 557 2205 sed
581 2161 832 2217 saepissime
856 2157 1063 2216 epsilon‘
1045 2157 1155 2209 ε’,πω
1181 2158 1337 2209 ἐνέπω,
1357 2159 1526 2215 βλέπω,

43 2229 210 2284 έπω,
246 2229 396 2282 λέπω,
434 2227 622 2286 πρέπω,
661 2226 809 2285 ῥέπω,
851 2224 1028 2278 σκέπω,
1067 2226 1234 2285 τρέπω.
1299 2225 1406 2271 Nam
1443 2227 1528 2272 He-

44 2287 170 2343 chii
203 2296 356 2354 glossa
394 2294 567 2339 Κλέπει
604 2291 848 2351 πορεύεται
885 2290 1271 2351 (πονηρεύεταιὲ)
1309 2293 1529 2350 ἐπιθυμεῖ

58 2366 314 2413 απατᾶται
337 2376 419 2422 quo
443 2363 668 2420 pertineat,
694 2374 744 2404 ex
769 2367 886 2441 parte
907 2367 1063 2405 tantum
1084 2363 1336 2419 perspicitur
1358 2375 1411 2406 ex
1427 2361 1526 2406 Sch.

83 2429 269 2478 ..XXII
300 2429 552 2481 ἐπίκλοπος
580 2425 829 2485 ὀρεκτικός,
860 2427 1064 2474 κλέπτειν
1094 2427 1177 2486 γὰρ
1207 2428 1257 2474 τὸ
1286 2428 1529 2485 ἐπιθυμεῖν

50 2500 142 2545 ὥν
165 2494 430 2556 ἂλλοτριων)
460 2503 501 2541 et
531 2509 582 2540 ex
611 2495 742 2540 latino
774 2496 942 2551 clepere.
991 2494 1071 2540 Eta
1101 2496 1182 2540 duo
1212 2496 1367 2540 habent
1393 2494 1527 2553 σήπω

43 2564 254 2626 Θῆπει
275 2562 515 2623 ψεύδεται,
552 2562 724 2621 Θήπων
750 2560 1002 2607 κολακεύων
1025 2561 1292 2618 θαυμάζων,
1324 2564 1432 2607 unde
1462 2564 1530 2608 τέ-

89 2631 100 2649 ’
142 2651 172 2680 α
195 2633 359 2692 pendet.
409 2630 502 2676 Iota
520 2645 646 2675 unum
673 2638 713 2674 et
740 2631 781 2674 id
807 2630 889 2674 soli
914 2629 1125 2687 Hesychio
1151 2637 1342 2674 testatum
1367 2628 1530 2674 Σκίπει

73 2699 204 2752 ’σει,
237 2701 424 2745 Κνιπεῖν
454 2697 663 2754 (κνίπειν)
694 2697 830 2743 σείειν
859 2695 1056 2750 νύσσειν,
1087 2697 1237 2754 quibus
1266 2697 1408 2756 paullo
1438 2703 1533 2756 post

125 2769 201 2814 :dit
220 2765 444 2818 σκνίπτει,
475 2766 710 2824 similisque
741 2772 805 2809 est
834 2766 1015 2809 nominis
1039 2765 1325 2823 discrepantia
1353 2763 1469 2823 σκίψ
1493 2771 1534 2808 ct

1192 2833 1249 2875 3*

20 376 47 429 ι

20 447 47 493 Ι

20 519 44 562 1

20 588 48 624 ι

2 655 46 688 ’Ξι

21 705 87 762 ιι

21 791 85 826 3..

21 853 43 895 1

21 923 27 961 ι

21 994 27 1030 ι

22 1108 87 1162 ί

23 1747 39 2731 «.-ἏῬὴ-ςπ--,-ι-.““,..-.
23 1672 26 1679 .

42 2658 49 2765 -.,
43 2084 54 2151 .,,
