1708 3126
225 211 286 256 18
690 200 1151 248 DISSER‘TA'rio
1189 207 1217 248 1.

222 318 289 362 vel
319 314 441 373 ἀνίης
471 316 735 372 scripserunt,
766 322 804 358 et
832 316 994 371 legerat
1022 316 1129 360 haud
1151 318 1274 360 dubie
1304 315 1448 369 ξύνιον
1479 318 1586 374 apud
1608 317 1671 361 H«)

223 397 377 428 merum
407 389 446 425 et
466 395 572 438 quae
600 381 695 423 libri
722 380 944 426 Herodotei
964 396 1117 439 magna
1134 385 1368 428 constantia
1386 390 1547 428 tuentur
1565 381 1650 428 ἆπί

221 451 271 494 ll.
301 450 369 493 96.
408 447 515 501 ἐξίει
543 447 593 490 ΙΙ.
621 448 685 491 17.
715 447 782 490 Vl.
805 449 872 491 20.
910 449 1051 493 κατιέι
1079 449 1126 493 V.
1157 451 1222 494 16.
1255 450 1398 504 μετίει
1425 449 1475 494 ll.
1507 451 1574 494 70.
1603 449 1653 493 Vi

220 518 369 567 59.³0)
401 511 527 572 ἀφίει
554 514 746 571 llippocr.
772 515 823 558 de
854 515 964 559 Sem.
982 517 1077 560 375.
1109 515 1214 561 διίει
1243 517 1294 560 de
1322 516 1440 560 Hum.
1470 517 1565 560 129.
1593 517 1671 569 ἐξα

220 582 304 627 νίει
341 583 391 626 de
430 581 521 625 Nat.
559 581 676 626 IIom.
707 582 803 625 358.
842 580 893 625 T.
913 582 943 625 Ι.
983 582 1120 627 συνίει
1158 583 1210 626 de
1247 583 1384 628 Morb.
1409 583 1460 628 11.
1488 585 1584 627 233.
1615 590 1655 628 et

222 650 457 694 Secundum
487 651 603 692 varie
633 648 828 692 scribitur
865 650 973 706 apud
1003 649 1338 708 Glossographos
1362 650 1500 705 μίειν,
1539 649 1653 705 μνίει

222 714 489 770 καταμνίειν,
517 714 681 769 μιέίειν
707 722 745 757 et
762 719 891 768 μιεῒν,
921 716 1163 772 quibuscum
1187 714 1439 770 μιστύλλειν
1466 730 1660 762 connexu.

220 784 382 827 videtur
424 789 465 825 et
511 795 616 838 quae
657 781 895 824 Eustathius
936 783 1039 834 135,
1070 783 1137 824 12.
1177 782 1273 826 huic
1316 785 1482 840 apponit
1522 780 1656 842 μικρά

220 853 358 904 μεῖον,
387 846 553 902 μινυός,
582 862 678 891 nam
706 849 949 891 comedendi
982 856 1021 891 et
1051 850 1351 892 comminuendi
1380 851 1571 894 notiones
1601 857 1668 907 apt

223 916 458 961 cohaerent.
514 915 621 958 Λίω
647 929 729 958 non
759 917 963 958 invenitur
990 916 1073 958 nisi
1102 916 1390 973 interpolatum
1418 915 1580 967 λίπτω,
1619 929 1663 960 se

222 991 265 1026 ut
295 997 321 1026 a
351 982 642 1025 Grammaticis
670 982 805 1025 fictum
839 989 1025 1039 putemus
1065 996 1147 1026 non
1192 982 1316 1026 facile
1351 984 1582 1040 permittunt
1613 983 1682 1027 Ar>

223 1052 334 1096 cadii
362 1050 513 1094 verba:
548 1049 602 1093 τὰ
632 1048 696 1102 εἷς
723 1042 767 1093 ’ὦ
791 1050 992 1108 καθαρὸν
1022 1042 1233 1104 ἐβςονταῖ
1251 1050 1534 1107 ἕκτεταμέιὶον
1558 1051 1674 1108 βαρύ

222 1135 362 1167 νεῖαι,
394 1116 497 1168 λίω,
530 1115 626 1173 ψίω
654 1124 730 1160 etc.
763 1124 803 1160 et
833 1118 882 1160 de
913 1117 991 1161 hoc
1026 1130 1187 1173 quoque
1216 1118 1397 1161 sortasse
1426 1120 1550 1163 nimis
1580 1132 1685 1163 scrn‘

223 1185 368 1242 pulose
391 1184 551 1239 ,iudicat
579 1182 819 1228 Eustathius
845 1184 968 1235 1071,
997 1183 1037 1226 4.
1068 1183 1183 1241 ψιάς
1211 1181 1304 1228 ἀπὸ
1331 1187 1410 1228 τοῦ
1435 1184 1531 1243 ψίω
1561 1181 1673 1244 ἆῤῥή

222 1268 300 1295 του
328 1250 544 1304 θέματος,
580 1251 687 1294 unde
718 1251 966 1294 declinatum
997 1258 1061 1293 est
1097 1252 1237 1294 Ψῖσαι
1267 1250 1474 1307 ψωμίσαι
1513 1250 1678 1306 notive

222 1318 339 1362 Phot.
374 1324 414 1360 et
446 1315 630 1372 ψίσεται
670 1318 777 1375 apud
816 1317 1129 1373 Lycophronem
1169 1317 1307 1360 vocali
1345 1318 1476 1374 longa
1505 1330 1614 1375 quae
1651 1317 1682 1370 i,

223 1385 345 1442 ψίζω
383 1383 523 1427 brevis
562 1391 625 1427 est
661 1386 716 1428 ci.
751 1384 935 1427 Meinek.
966 1383 1109 1426 Anall.
1140 1398 1177 1440 p.
1204 1385 1272 1427 93.
1310 1385 1448 1440 ψιλὸς
1481 1382 1608 1442 παρὰ
1630 1381 1671 1443 >ets

223 1453 317 1508 ψῶ,
349 1450 458 1494 ὅθεν
490 1449 564 1493 καὶ
593 1449 802 1507 καταψίω
831 1449 926 1492 ΕΜ.
985 1449 1084 1493 Alco
1114 1450 1162 1491 τὸ
1193 1447 1360 1501 διώκω,
1397 1451 1506 1508 quod
1537 1451 1686 1495 additu*

224 1519 268 1560 in
297 1516 433 1560 (iram.
464 1515 514 1558 ll.
544 1517 639 1560 329.
683 1518 863 1561 sortasse
892 1518 1156 1574 praeteritum
1193 1523 1257 1559 est
1295 1517 1394 1573 quia
1420 1516 1488 1569 δίε
1517 1512 1694 1565 aoristu¹

225 1597 321 1627 esse
352 1590 516 1640 putatur
542 1583 657 1626 verbi
691 1582 794 1626 ὁείω
825 1583 919 1625 EM.
944 1584 1041 1634 273,
1070 1582 1112 1625 S.
1169 1581 1221 1626 Et
1249 1580 1304 1626 ἴω
1335 1595 1496 1640 quoque
1522 1583 1602 1628 huc
1630 1584 1694 1627 re‘

225 1652 307 1708 cipi
335 1655 497 1707 poterat
532 1656 698 1706 propter
736 1651 995 1706 participium
1026 1646 1105 1691 ἰών
1146 1655 1186 1692 et
1215 1650 1438 1725 optativum
1475 1646 1592 1704 ιὀιμι
1620 1663 1644 1697 e
1686 1647 1688 1650 ’

226 1718 302 1760 sed
331 1714 522 1774 Προσίει
564 1715 843 1772 προσεγγίζει
873 1715 971 1759 Hes.
1012 1716 1191 1759 fortasse
1222 1717 1264 1758 in
1303 1715 1583 1772 subjunctivus
1611 1723 1691 1787 mn*

225 1786 305 1827 tari
336 1789 506 1839 oportet
566 1781 716 1824 Verum
745 1783 892 1826 desunt
921 1783 1062 1839 plura3
1101 1795 1183 1824 non
1212 1781 1346 1824 solum
1371 1781 1503 1837 βλίω,
1534 1783 1586 1827 de
1616 1790 1682 1839 qut

224 1849 320 1892 EM.
351 1849 448 1899 201,
477 1848 544 1890 35.
586 1850 644 1890 ita
685 1848 866 1903 loquitur
896 1856 938 1891 ut
976 1862 1056 1892 non
1092 1847 1261 1891 finxisse
1290 1849 1500 1899 videatur,
1541 1846 1618 1902 ζίω
1646 1865 1684 1894 τι

228 1917 342 1972 ζητῶ
369 1913 464 1957 ΕΜ.
494 1921 534 1956 et
560 1914 786 1968 μίσασθαι
812 1912 1102 1967 μιτώσασθαι
1129 1908 1708 1986 P011.V11.31.Phot.sett

227 1984 351 2026 etiam
381 1983 545 2024 atticum
566 1979 698 2037 πρίω,
732 1984 890 2037 epicum
918 1980 1010 2030 κι’,ω
1039 1988 1259 2035 praeterea
1284 1980 1392 2035 χλίω
1416 1995 1496 2038 quo
1509 1963 1708 2038 ΑθεῦὶιΥ-ῑξ

226 2050 293 2092 lus
331 2050 473 2098 utitur,
519 2061 597 2090 nec
637 2061 839 2104 aspernor
875 2048 983 2103 quod
1025 2048 1068 2089 in
1107 2046 1197 2090 Nic.
1229 2047 1296 2090 Al.
1329 2048 1397 2090 62.
1428 2048 1554 2103 γέντα
1590 2049 1708 2103 βοὸς

228 2111 611 2172 περιφλιδοωντος
654 2110 823 2171 ἀλοιφῇ
862 2114 942 2156 duo
987 2114 1105 2156 codd.
1143 2114 1343 2170 praebent
1386 2115 1708 2172 περιφλίοντορ

228 2189 271 2224 ut
302 2179 411 2234 χλίω
451 2181 599 2223 dic-itur
636 2186 675 2222 et
708 2178 897 2233 χλιόάω,
937 2176 1030 2222 αἷῖω
1069 2187 1108 2222 et
1139 2177 1303 2223 αὖόάω.
1362 2179 1570 2223 Praesens
1608 2180 1708 2226 πίω.-

229 2262 311 2291 non
345 2249 544 2304 reperitur
579 2248 659 2289 nisi
700 2247 742 2289 in
779 2246 928 2301 glossa
965 2246 1018 2288 ad
1056 2245 1204 2289 Buttm.
1233 2246 1329 2290 276.
1351 2252 1416 2299 ³¹)
1454 2247 1586 2291 allata
1624 2247 1708 2302 sedi¹

229 2315 393 2367 πίομαι
408 2321 557 2356 natura
577 2326 777 2370 praesens
800 2312 961 2355 videtur
982 2319 1023 2354 ut
1039 2309 1198 2367 ἔδομαι
1222 2319 1262 2356 et
1285 2311 1499 2370 φάγομαι.
1541 2313 1708 2368 Σίονταέ

317 2484 377 2527 30)
410 2485 493 2519 Alia
517 2483 632 2518 attulit
657 2482 1021 2529 Schweighaueserus
1051 2481 1098 2517 ad
1122 2481 1148 2518 Ι.
1178 2481 1252 2517 180.
1285 2486 1320 2516 et
1346 2493 1532 2530 syncopae
1555 2479 1706 2518 nomine

230 2541 404 2585 defendit,
427 2552 508 2575 nam
533 2546 570 2575 ut
596 2542 691 2575 αῖτέο
717 2546 752 2574 et
777 2542 912 2586 ᾳοβέαι
935 2539 987 2574 sie
1011 2538 1118 2574 etiam
1140 2539 1187 2573 ἵει
1211 2537 1280 2572 dici
1307 2549 1410 2583 proc
1398 2540 1475 2574 iga.
1522 2539 1569 2574 At
1594 2548 1708 2575 nemo-³

230 2598 319 2632 dixit
342 2611 404 2633 ποι
402 2601 441 2633 ει
463 2609 531 2643 pro
557 2609 618 2632 ποι
609 2599 673 2631 ιιέε
697 2596 756 2630 vel
780 2596 895 2631 simile
921 2595 1015 2641 quid.
1702 2596 1708 2607 “

322 2664 381 2709 31)
415 2664 611 2699 Herodiani
637 2664 765 2706 locum,
791 2674 895 2708 quem
920 2662 1019 2707 attigi
1044 2673 1079 2708 p.
1102 2660 1183 2695 277
1206 2666 1306 2695 recte
1328 2661 1586 2707 interpretatur
1607 2661 1708 2701 Met-

230 2721 356 2755 nekius
391 2720 557 2757 Coin.11
583 2720 661 2756 471
710 2719 807 2755 Num
842 2729 1018 2765 praesens
1051 2721 1185 2765 πίομαι
1208 2717 1294 2763 jure
1328 2718 1510 2764 impugnet
1534 2717 1595 2755 111
1621 2717 1708 2754 315.

229 2777 362 2811 dubito.
1694 2796 1697 2799 .
