1728 3120
199 194 298 240 216
624 182 1089 229 DISSERTATIO
1133 183 1247 227 XIII.

821 397 852 440 (Σ
870 398 908 441 A
926 398 969 440 P.
1014 396 1062 440 ll.

539 502 629 547 De
677 499 891 547 verbis
938 498 1330 547 dentalibus.

317 634 353 688 §.
386 633 425 676 1.
481 631 710 676 Verborum
738 635 781 677 in
805 624 898 687 ὀε-ξω
929 635 1159 677 exeuntium
1186 633 1390 690 tripartita
1410 638 1474 676 est
1502 632 1674 684 divisioz,

206 701 353 756 quippe
380 699 524 743 horum
555 701 755 744 nonnulla
784 700 836 743 ab
873 700 1082 743 adverbiis
1109 699 1443 757 proficiscuntur:
1482 696 1565 744 ἀπ’
1600 695 1676 743 ἆν-

205 767 431 818 τωνυμιῶν
469 765 644 824 ῥήματα
682 764 733 811 οὗ
765 766 1074 824 παραγίνεται,
1113 767 1238 823 παρὰ
1277 765 1326 810 δὲ
1366 763 1674 825 ἔπιρρημάτων

207 828 396 885 οἰμώζω,
427 830 583 886 αἰάζω,
612 831 748 887 λιάζω
777 832 968 890 Apollon.
994 832 1115 876 Pron.
1145 847 1183 889 p.
1197 831 1266 875 42.
1297 845 1468 889 quorum
1494 832 1675 875 ultimum

205 910 290 941 non
316 898 438 942 video
469 899 567 955 quid
600 913 690 943 cum
720 899 818 944 λίαν
848 899 1127 942 similitudinis
1157 899 1334 950 habeat,
1363 899 1552 955 quodque
1580 896 1675 940 EM.

208 977 298 1006 cum
320 964 385 1007 his
415 965 574 1008 confert
595 963 771 1022 ἀγάζειν
789 965 914 1022 παρὰ
943 966 991 1008 τι)
1027 963 1147 1021 ἄγαν,
1178 978 1310 1022 aeque
1340 965 1394 1008 ad
1422 960 1507 1022 ἄγη
1530 965 1679 1008 referri

205 1037 351 1086 potest.
409 1029 510 1073 Cum
536 1030 676 1086 αἰάζω
706 1034 951 1076 conveniunt
977 1029 1108 1084 ἂάζω,
1141 1028 1294 1085 εὐάζω,
1325 1029 1568 1084 πυππάζω.
1610 1030 1678 1073 Ab

208 1095 431 1148 adverbiis,
460 1111 566 1154 quae
594 1101 757 1155 proprie
779 1100 847 1142 >ita
874 1105 1085 1147 vocantur,
1116 1094 1253 1152 ἇγκάς
1271 1094 1531 1152 ἇγκάζομαι,
1562 1111 1681 1140 πασ-

207 1161 338 1220 συδίῃ
369 1162 678 1218 πασσυδιάζω,
716 1163 838 1209 πύκα
871 1163 1074 1218 πυκάζω,
1108 1176 1134 1205 a
1162 1162 1364 1205 numerali
1394 1161 1494 1216 δίχα
1517 1160 1678 1216 ὀιχάζω

209 1234 250 1271 et
279 1229 440 1271 ratione
470 1231 604 1273 minus
634 1239 779 1288 aperta
810 1229 936 1287 παρὰ
962 1230 1011 1273 τὸ
1044 1228 1112 1280 δίς
1139 1227 1328 1282 ὁιστάζω
1356 1227 1452 1270 EM.
1483 1228 1580 1278 274,
1611 1229 1677 1271 ll.

208 1292 359 1337 Verum
377 1308 474 1352 pars
505 1298 685 1339 maxima
701 1297 786 1340 fluit
810 1311 836 1340 a
863 1296 1003 1340 verbis
1033 1303 1072 1338 et
1090 1294 1346 1338 nominibus:
1379 1293 1680 1348 δακνάζεσθαι

209 1356 302 1404 ἀπὸ
321 1363 399 1405 τοῦ
429 1360 670 1406 δάκνεσθαι
692 1362 802 1406 κατὰ
832 1360 1100 1419 παραγωγήν
1117 1360 1257 1404 Schol.
1273 1360 1387 1404 Pers.
1402 1361 1498 1404 569.
1529 1359 1680 1420 ὥςπερ

208 1427 335 1483 παρὰ
364 1426 413 1471 τὸ
442 1427 586 1482 μίμνω
613 1427 834 1483 μιμνάζω,
866 1428 980 1472 οὕτω
1012 1427 1136 1485 παρὰ
1167 1427 1216 1470 τὸ
1250 1424 1355 1470 εἴκω
1385 1425 1548 1481 εἰκάζω
1582 1427 1679 1471 ΕΜ.

208 1493 304 1544 297,
334 1494 403 1536 25.
463 1493 549 1538 Sed
578 1508 684 1551 quae
713 1494 952 1539 Eustathius
980 1495 1076 1545 632,
1100 1494 1167 1537 30.
1200 1507 1291 1537 cum
1306 1495 1451 1548 μίμνω
1479 1493 1681 1548 μιμνάζω

211 1561 414 1616 constipat
432 1560 547 1616 σέβω
564 1559 751 1616 σεβάζω,
784 1562 934 1606 σκέπω
955 1557 1174 1613 σκεπάζω,
1204 1559 1309 1603 λίτω
1338 1558 1513 1614 λιτάζω,
1543 1561 1682 1615 στέγω

211 1625 429 1681 στεγάζω,
471 1640 614 1670 eorum
655 1636 903 1685 postremum
941 1626 1037 1669 EM.
1067 1626 1167 1678 726,
1197 1626 1264 1669 37.
1305 1639 1332 1669 a
1369 1627 1498 1684 στέγη
1535 1629 1683 1684 repetit

212 1693 440 1750 eademque
477 1698 760 1739 controversia
799 1701 863 1738 est
900 1694 950 1737 de
986 1693 1124 1736 multis
1163 1693 1273 1736 aliis.
1330 1691 1540 1750 Βρυάζω,
1579 1690 1684 1737 ἀλυ-

212 1757 376 1813 σκάζω,
408 1758 639 1814 ἕνιπτάζω,
667 1758 915 1820 ἢλασκάζω,
947 1758 1186 1815 στεμβάζω,
1216 1756 1434 1813 λασκάζω,
1466 1757 1683 1814 χασκάζω,
1727 1770 1728 1782 ’

212 1825 369 1868 nullam
404 1833 562 1882 partem
601 1830 802 1872 orationis
844 1830 1044 1883 attingunt
1078 1833 1243 1884 praeter
1277 1824 1419 1869 verba.
1479 1824 1567 1868 Sed
1593 1832 1686 1883 ψυ-

211 1888 329 1945 χάζω
360 1891 409 1935 τὸ
441 1893 556 1951 πρὸς
590 1898 733 1950 ψῦχος
770 1894 983 1951 διατρίβω
1009 1893 1167 1937 Anecd.
1195 1892 1329 1936 Bekk.
1360 1892 1457 1936 317.
1484 1891 1580 1936 huic
1608 1905 1685 1936 no-

214 1959 315 2000 mini
346 1971 477 2014 aeque
510 1960 645 2003 simile
678 1968 741 2003 est
773 1968 894 2016 atque
925 1960 1054 2003 verbo
1085 1957 1236 2015 ψύχω,
1272 1966 1312 2002 et
1341 1956 1558 2013 λαμπάζω
1593 1972 1684 2002 cum

215 2021 370 2080 λάμπη
403 2026 491 2068 sive
532 2024 714 2078 λαμπάς
753 2033 793 2068 et
822 2040 913 2069 cum
952 2024 1114 2079 λάμπω
1145 2026 1355 2080 congruit,
1384 2025 1572 2081 quodque
1601 2024 1686 2068 Eu·—

215 2089 390 2133 stathius
425 2091 524 2134 dicit
559 2091 681 2142 1612,
708 2092 777 2135 27.
823 2089 1098 2146 ἆκουάζομαι
1137 2090 1186 2135 ἐκ
1223 2094 1303 2134 τοῦ
1338 2088 1485 2134 ἀκούω
1523 2098 1566 2134 ut
1601 2105 1686 2135 non

216 2156 488 2213 improbabile
528 2159 587 2200 ita
622 2159 786 2202 minime
828 2166 981 2202 certum
1009 2165 1072 2201 est
1100 2157 1142 2200 id
1173 2170 1200 2200 a
1236 2157 1365 2201 verbo
1395 2159 1533 2214 potius
1562 2171 1684 2214 quam

216 2236 244 2266 a
271 2225 437 2266 nomine
467 2230 598 2267 ortum
627 2224 797 2268 habere.
857 2224 975 2277 Quae
1009 2238 1109 2268 vero
1140 2237 1166 2267 a
1193 2224 1334 2268 verbis
1365 2224 1552 2268 derivata
1579 2231 1685 2275 sunt,

217 2292 424 2348 syllabam
451 2293 646 2349 primitivi
674 2293 873 2337 hactenus
908 2294 1029 2338 modo
1061 2299 1215 2336 mutant
1243 2293 1351 2350 quod
1388 2292 1549 2350 epsilon
1587 2296 1631 2336 in
1651 2284 1696 2338 ἶ

217 2361 374 2403 micron
403 2361 568 2410 transit,
602 2360 697 2403 θέω
728 2361 925 2417 (τίθημι)
956 2358 1110 2413 θοάζω
1138 2362 1166 2402 i.
1195 2374 1233 2416 q.
1264 2357 1477 2411 θαάσσω,
1509 2356 1685 2417 ἇμέργω

217 2422 463 2484 ὂμοργάζω,
497 2425 664 2479 ἕπομαι
683 2423 851 2480 ὅπάζω,
883 2440 1113 2483 quanquam
1128 2425 1223 2468 EM.
1238 2426 1334 2477 627,
1357 2426 1422 2468 10.
1450 2426 1546 2470 huic
1565 2440 1686 2484 prae-

218 2494 332 2549 ponit
361 2505 512 2535 nomen
548 2495 874 2536 commenticium
904 2490 1019 2544 ὀπός
1048 2489 1107 2544 ὡς
1137 2490 1342 2546 πομπάς,
1378 2491 1428 2545 ἐξ
1454 2486 1506 2536 οὗ
1536 2509 1685 2550 παρα-

219 2558 359 2615 γωγὸν
386 2555 541 2612 ὀπάζω
571 2554 632 2610 ὡς
659 2559 857 2613 μονάζω,
897 2566 937 2602 et
964 2559 1053 2602 fieri
1081 2566 1216 2616 potest
1251 2565 1294 2602 ut
1323 2557 1522 2616 δορκάζω
1554 2560 1686 2615 signi-

217 2626 450 2670 ficationem
486 2625 650 2682 quidem
685 2639 711 2668 a
753 2625 990 2683 δέρκομαι,
1028 2625 1202 2669 formam
1241 2633 1376 2669 autem
1406 2639 1433 2669 a
1461 2623 1571 2682 δόρξ
1595 2627 1684 2669 sive

219 2690 383 2749 ὁορκάς
400 2694 581 2736 traxerit.
628 2691 848 2747 syllabam
866 2694 1069 2749 prototypi
1093 2692 1262 2748 longam
1281 2694 1429 2736 mutari
1455 2694 1499 2736 iu
1517 2692 1685 2736 brevem

219 2758 333 2802 nullo
352 2766 462 2802 certo
483 2759 757 2803 demonstrari
779 2766 911 2815 potest
940 2766 1192 2814 argumento.
1237 2752 1340 2802 Nam
1370 2756 1547 2814 λιχάζει,
1576 2759 1685 2816 quod
