1708 3126
195 223 258 268 12
665 216 1116 265 DlSSERTATIO
1156 217 1184 260 Ι.

190 332 288 382 ταῖς
307 329 506 381 (Meinek.
536 327 587 370 T.
612 327 680 370 Ill.
704 329 821 382 628.)
853 325 876 372 ὁ
909 329 964 373 δὲ
992 328 1080 372 τὸν
1110 327 1405 385 ἐγκέφαλον
1430 325 1659 380 ἔξαύσας

191 395 493 440 καταπίνει.
552 393 643 436 Καὶ
665 391 859 447 Ἀλκμάν
888 394 978 451 τὴν
1010 398 1215 448 μοῦσαν
1251 392 1540 445 navabo-ug
1568 390 1661 437 ἀντὶ

187 464 266 505 τοῦ
297 459 543 518 ἇφανίσεις.
604 459 695 503 Καὶ
723 459 773 504 τὸ
805 463 951 516 θιγεῖν
979 460 1052 504 καὶ
1081 459 1295 517 ἅψασθαι
1326 457 1462 505 αὖσαι
1491 459 1662 514 λέγεται

190 527 301 570 κατὰ
343 525 445 578 τοὺς
487 524 731 579 παλαιούς,
777 528 843 569 cui
885 527 1156 584 adstipulatur
1195 529 1352 571 Anecd.
1393 525 1527 570 Bckk.
1563 524 1661 568 464.

188 584 323 637 ἆῧσαι
351 595 580 649 βοηθῆσαι
618 594 719 645 (scr.
747 595 930 649 βοῆσαι)
970 593 1044 636 καὶ
1073 593 1121 636 τὸ
1153 597 1297 649 θιγεῖν
1327 593 1401 637 καὶ
1430 590 1661 650 ἅψασθαι.

191 660 278 703 Sed
307 660 386 702 hae
415 659 594 702 satiandi
626 665 666 701 et
694 659 892 714 tangendi
923 659 1248 714 significationes
1281 660 1378 702 aliis
1419 661 1662 714 assignatae

189 733 282 769 sunt
314 726 456 769 verbis
488 720 594 768 ἆσαι
624 732 663 767 et
694 724 921 781 ἅψασθαι,
957 738 1062 781 quae
1094 725 1146 768 ab
1178 720 1313 769 on'vac,
1339 726 1507 780 longius
1537 724 1663 767 dissi-

189 793 296 835 dent.
355 791 584 848 Syntheton
621 805 720 834 vero
762 790 950 843 ἑξαύσας
986 805 1106 848 quum
1142 792 1363 835 manifesto
1397 793 1573 848 positum
1610 792 1665 833 sit

186 872 260 915 pro
294 855 475 910 ἐξελών,
510 871 711 914 quumque
747 855 979 908 καταύσεις
1007 850 1107 900 cum'
1128 858 1424 916 καθαιρήσεις
1451 864 1664 913 congruat,

188 927 445 982 προσαῦσαι
474 938 565 967 cum
599 926 852 981 προσᾶραι,
882 930 1093 980 utrumque
1124 925 1244 966 retuli
1276 924 1330 967 ad
1359 923 1533 980 simplex
1569 919 1664 966 αἷὶω

191 991 242 1033 ab
272 990 552 1047 homophono‚
593 991 701 1047 quod
731 991 866 1040 sicco,
898 990 1055 1042 clamo,
1087 991 1245 1033 dormio
1277 990 1501 1045 significat,
1536 989 1662 1043 longe

190 1058 412 1101 discretum
465 1059 723 1113 viciniusque
764 1056 905 1099 verbis
948 1054 1090 1113 αἴρειν
1139 1064 1178 1099 et
1226 1054 1368 1113 αἱρεῖν
1409 1070 1447 1100 v.
1494 1056 1548 1099 ad
1595 1057 1661 1110 Aj.

187 1139 226 1182 p.
243 1123 339 1167 358.
359 1125 425 1178 ¹⁸)
456 1147 507 1153 —-
545 1122 702 1166 Γλαύω
731 1136 804 1179 pro
835 1120 1038 1178 γλαύσσω
1069 1123 1219 1166 dictum
1244 1132 1340 1166 esse
1365 1136 1449 1166 uno
1475 1122 1550 1166 illo
1565 1120 1661 1163 EM.

188 1191 284 1234 loco
314 1203 457 1248 parum
493 1189 800 1246 comprobatur,
842 1202 969 1245 quare
1000 1189 1109 1244 quod
1144 1191 1186 1231 iu
1223 1190 1314 1233 cod.
1344 1188 1544 1245 Hesychii
1571 1194 1664 1245 post

181 1254 466 1312 Ἐνεγκοῦσαν
488 1256 640 1311 legitur
665 1253 942 1310 ἐνεγλαυκώς,
973 1256 1017 1297 in
1046 1255 1173 1298 Thes.
1202 1258 1336 1299 minus
1368 1263 1480 1299 recte
1511 1255 1565 1298 ad
1594 1253 1663 1309 ἐγ-

189 1321 337 1378 γλαύω
354 1323 540 1366 refertur.
599 1321 691 1364 Una
713 1321 1056 1377 comprehendam
1076 1335 1150 1365 sex
1169 1323 1300 1366 verba
1312 1323 1501 1378 vulgaris
1515 1327 1660 1364 notae:

190 1387 407 1434 ἀπολαύω
446 1402 497 1431 ex
532 1388 679 1430 iisdem
719 1388 930 1430 radicibus
968 1395 1106 1431 natum
1142 1389 1290 1445 quibus
1330 1390 1481 1443 λαβεῖν
1513 1395 1552 1431 et
1585 1385 1663 1430 λά-

192 1457 369 1508 ξεσθαι,
409 1451 570 1511 θραύω
611 1451 703 1497 ἀπὸ
742 1455 821 1497 τοῦ
853 1455 951 1497 θλῶ
978 1454 1072 1496 ΕΜ.
1102 1455 1206 1506 380,
1243 1455 1312 1497 20.
1351 1456 1467 1510 cujus
1500 1453 1664 1498 vocalis

188 1521 363 1578 simplex
391 1520 580 1563 inhaeret
597 1520 830 1563 nominibus
859 1519 1025 1576 θράσις
1053 1519 1078 1577 ἦ
1110 1524 1303 1577 θραῢσις
1331 1521 1430 1564 Hes.
1459 1517 1664 1577 θραγμός

188 1589 345 1643 fragor,
374 1584 583 1641 θραμβός
603 1584 803 1643 καπυρός
824 1587 866 1629 id
886 1594 947 1629 est
968 1587 1147 1643 fragilis,
1180 1587 1321 1630 aridus
1341 1590 1406 1642 ¹⁹)
1436 1587 1512 1630 sed
1529 1584 1662 1643 θράω

189 1657 334 1711 ipsum,
365 1653 475 1709 quod
502 1651 746 1695 Macrobius
774 1655 888 1709 ponit
915 1653 964 1695 de
993 1652 1116 1696 Verb.
1143 1653 1239 1696 723.
1268 1667 1352 1697 non
1380 1654 1551 1709 legitur3
1578 1659 1662 1695 tum

187 1718 345 1777 ψαύω,
380 1716 544 1773 χναύω,
582 1717 753 1774 χραύω,
794 1731 899 1774 quae
928 1721 1089 1762 tramite
1129 1727 1270 1776 aperto
1308 1733 1336 1763 a
1358 1717 1488 1777 ψάω,
1529 1717 1662 1770 κνάω,

186 1785 310 1843 χράω
346 1797 574 1842 progressa
613 1791 726 1834 sunt,
769 1791 1006 1841 sextumque
1046 1783 1178 1829 παύω
1217 1785 1270 1829 ab
1305 1788 1501 1830 inusitato
1545 1782 1662 1842 πάῴ,

192 1854 308 1907 cujus
324 1852 563 1894 memoriam
593 1850 763 1892 refricat
779 1853 959 1894 aoristus
985 1853 1164 1894 novitius
1195 1849 1338 1908 ἐπάην
1352 1850 1661 1899 Anecd.Bekk:

191 1918 321 1969 1324,
351 1917 390 1960 h.
429 1923 469 1960 et
499 1916 731 1959 laconicum
761 1915 1066 1970 Ἀμπάζονται
1105 1914 1388 1971 ἀμπαύονται
1412 1917 1513 1962 Hcs.
1541 1915 1662 1969 Quod

189 1979 289 2028 vero
332 1985 375 2027 in
404 1981 498 2024 EM.
535 1982 703 2025 affertur
740 1980 861 2025 δαύω
904 1982 953 2025 τὸ
996 1982 1108 2026 καίω
1146 1982 1272 2039 παρὰ
1309 1972 1533 2042 Σιμωιὶῗὸῃ
1570 1999 1663 2039 μη-

190 2050 319 2108 ρίων
349 2048 686 2101 δεόαυμένων
716 2047 1037 2099 (Schneidewin.
1055 2062 1093 2105 p.
1111 2048 1227 2102 125.)
1256 2049 1336 2093 hoc
1365 2049 1552 2107 exemplo
1578 2063 1662 2093 non

193 2118 330 2172 magis
371 2114 638 2172 approbatum
676 2121 740 2157 est
779 2127 900 2170 quam
941 2112 1061 2158 καύω
1100 2118 1365 2172 consequitur
1392 2130 1444 2160 ex
1477 2117 1661 2173 perfecto

285 2274 342 2318 18)
367 2273 455 2309 Cum
480 2273 691 2318 Sophocleo
716 2273 779 2308 ino
803 2274 893 2320 πρὶν
917 2274 1008 2321 πυρὶ
1033 2276 1163 2321 θερμῷ
1186 2272 1285 2310 πόδα
1307 2288 1360 2315 τις
1381 2274 1592 2325 προσαύσῃ,
1630 2279 1660 2312 si

190 2331 268 2376 quis
293 2330 486 2365 contulerit
508 2330 709 2374 Apollinar.
733 2329 797 2365 Ps.
825 2330 900 2366 XC.
925 2330 980 2364 24.
1012 2327 1153 2377 μήποτε
1177 2328 1245 2366 σὸν
1267 2329 1365 2367 πόδα
1388 2333 1453 2367 λᾶϊ
1474 2330 1658 2382 καθάψῃς,

190 2399 263 2422 non
299 2386 441 2421 dubium
479 2385 626 2421 habebit
661 2385 864 2431 hujusmodi
896 2387 987 2421 locis
1019 2386 1280 2422 Grammaticos
1309 2387 1474 2424 inductos
1508 2400 1592 2425 esse
1623 2397 1660 2425 ut

190 2436 300 2480 αὖσαι
324 2447 361 2478 et
386 2439 558 2487 ἅψασθαι
582 2452 784 2487 synonyma
807 2443 981 2478 dicerent.
1361 2434 1366 2438 ν

283 2498 341 2542 19)
373 2496 549 2546 Καπυρός
573 2503 610 2532 et
627 2497 807 2546 εὐθρυβής
830 2511 852 2534 a
874 2499 1107 2545 scriptoribus
1130 2509 1245 2544 saepe
1268 2499 1437 2544 copulata
1461 2507 1553 2538 sunt.
1602 2503 1659 2538 Ab

190 2555 319 2590 eodem
344 2552 471 2601 θ-ραύω
500 2553 705 2599 >profectum
741 2560 802 2593 est
830 2554 999 2603 Θραυρόν
1029 2553 1193 2603 ῥάγανον
1223 2553 1459 2602 θραυόμενον
1484 2557 1573 2598 fleS.
1600 2558 1658 2594 ubi

189 2608 373 2656 πραγανὸν
396 2610 624 2645 scribendum
646 2611 683 2645 id
707 2618 762 2646 est
785 2612 1072 2658 cartilaginosum
1099 2623 1134 2646 v.
1159 2610 1328 2657 Prolegg.
1355 2611 1432 2648 182.
1477 2611 1544 2649 His
1568 2625 1659 2658 quae

188 2671 234 2703 de
257 2666 418 2716 καπυρός
441 2669 569 2714 scripsi
591 2680 626 2713 p.
653 2669 731 2705 273.
759 2670 852 2705 adde
877 2670 1008 2705 Arcad.
1036 2669 1092 2712 72,
1116 2670 1149 2704 4.
1183 2667 1225 2704 τὰ
1250 2671 1300 2709 εἰς
1320 2660 1426 2718 W,
1457 2668 1656 2720 πάρσυρος,

170 2726 343 2773 ,δίπυρος
370 2730 436 2759 etc.
470 2724 529 2759 ubi
563 2723 750 2773 πάσσυρος
775 2726 1041 2772 reponendum,
1077 2725 1177 2771 cujus
1201 2725 1411 2762 adverbium
1435 2733 1490 2763 est
1514 2726 1659 2764 πασσύ-

188 2794 280 2828 ρως,
306 2786 341 2814 et
366 2779 551 2826 διάπυρος.
