1728 3120
223 201 288 247 90
670 191 1134 236 DISSERTATIO
1178 193 1246 236 lv.

208 308 412 363 ’Όθομαι
451 306 670 349 Homerum
707 304 832 348 habet
869 312 1098 357 auctorem,
1142 305 1218 349 sed
1257 301 1407 366 form
1406 302 1564 364 ’ῥαίνει
1599 321 1691 354 non„

217 377 416 434 reperitur
453 375 536 416 nisi
575 372 659 415 alio
698 371 908 415 declinata
936 368 1107 417 Οθέων
1146 363 1497 431 φροντίζῳῡῑ
1497 369 1690 421 '‘Offeow

217 438 570 499 ἐπεστράφησαν,
596 436 769 482 Ὀθεύω
800 438 1043 496 φροντίζω,
1070 436 1315 484 Ὠθύλλετο
1342 435 1556 486 διενοεῖτο
1585 438 1692 487 Hes

214 524 292 553 nec
323 508 512 552 convenit
540 506 616 549 illa
645 505 894 550 Heraclidae
926 508 1076 550 canoni
1107 507 1238 551 verba
1264 507 1482 564 barytona,
1510 522 1690 566 quorun

214 582 258 623 in
295 577 519 652 penultima
555 577 609 618 sit
640 567 684 618 ἶ
713 576 861 627 breve,
907 583 976 619 aut
1015 579 1059 619 in
1098 577 1203 620 duas
1238 579 1357 622 inniti
1394 590 1604 622 consonas
1639 578 1697 632 1ιῆ

216 644 381 696 κόπτω,
417 650 486 686 aut
505 645 547 686 in
566 643 765 700 duplicem
797 639 900 697 ὄζω,
933 641 1134 697 δεσπόζω
1151 642 1265 688 Eust.
1282 642 1406 696 1854,
1433 643 1503 688 58.
1558 643 1671 688 Pror-
1691 665 1695 679 z

214 727 286 757 sus
320 712 553 756 ementitum
590 719 652 753 est
692 706 792 753 ἶίθω
823 709 872 753 τὸ
916 712 1020 754 κινῶ
1056 710 1130 754 καὶ
1163 712 1274 766 μετὰ
1314 714 1392 771 τῆς
1420 711 1699 788 προθέσεως.

215 778 360 825 ἐνοθω
390 777 501 822 ὅθεν
529 777 579 821 τὸ
611 774 801 833 ἕνήνοθα
819 777 948 834 Epim.
971 777 1106 821 Gram.
1122 776 1152 820 I.
1183 778 1277 821 135.
1310 778 1422 836 quod
1444 758 1697 822 Eustathius'

213 863 251 905 p.
271 847 338 898 77,
367 847 435 888 22.
467 858 557 888 cum
587 842 758 898 ὄθομαι
787 851 827 888 et
857 840 988 888 ὠθέω
1018 847 1223 888 connectit
1251 852 1372 903 atque
1403 847 1559 890 nomini
1589 843 1687 889 ε’νο
1688 890 1696 897 y

215 931 286 966 σις
307 919 603 971 praestructum
641 917 752 968 putat
789 925 826 968 p.
857 911 953 962 307,
984 911 1051 953 15.
1109 910 1251 968 Itaque
1291 912 1566 957 consideratis
1596 925 1699 956 om-›·

214 982 335 1025 nibus
355 994 423 1023 res
444 980 524 1022 huc
549 979 761 1033 redigitur,
792 978 947 1021 nullum
969 991 1065 1021 esse
1090 978 1259 1021 verbum
1275 980 1319 1022 in
1337 983 1410 1023 θω
1429 973 1703 1036 bisyllahum-

214 1051 312 1106 quin
336 1047 599 1105 penultimam
628 1046 780 1089 habeat
814 1046 882 1089 vel
911 1052 1060 1089 natura
1086 1046 1256 1101 longam
1285 1046 1352 1090 vel
1379 1048 1585 1104 positione
1613 1045 1703 1091 vel.

212 1118 414 1172 utrinque.
471 1113 687 1158 Vocalium
707 1121 845 1156 tamen
873 1113 1091 1169 longarum
1110 1115 1244 1170 prima
1267 1127 1349 1157 non
1371 1116 1574 1171 reperitur
1597 1113 1703 1165 nisit}

213 1186 257 1226 in
283 1182 412 1227 verbo
443 1180 630 1233 πλάθω,
668 1181 748 1225 hoc
779 1187 915 1224 autem
956 1193 1040 1223 non
1068 1181 1248 1224 nativum
1289 1194 1385 1224 esse
1415 1187 1577 1225 constat
1606 1179 1682 1224 sed

213 1251 403 1294 affectum
432 1256 473 1292 ut
503 1247 658 1304 περάω
688 1246 890 1306 πρήσσω.
949 1246 1236 1304 Compluribus
1267 1261 1479 1292 commune
1508 1254 1572 1292 est
1600 1254 1703 1306 eta33

212 1332 318 1376 quae
355 1317 538 1360 referunt
578 1315 870 1371 Theognostus
909 1329 947 1372 p.
984 1315 1079 1358 141.
1118 1322 1158 1359 et
1197 1315 1462 1360 Theodosius
1499 1314 1683 1359 Gramm.
1687 1330 1706 1370 ,ζ

212 1400 250 1443 p.
274 1386 340 1429 72.
372 1381 514 1440 γήθει),
545 1380 709 1440 κνηθω,
739 1379 880 1438 λήθω,
905 1380 1043 1439 νήθω,
1073 1380 1253 1439 πλήθω,
1282 1381 1464 1439 πρήθω,
1490 1382 1706 1428 admixtis

210 1453 372 1496 ficticiis
402 1447 530 1507 δήθω
561 1446 635 1506 ἀφ’
667 1466 718 1492 ου
749 1447 1014 1506 παράγωγον
1042 1447 1092 1492 τὸ
1122 1446 1311 1505 ὄηθύνω,
1342 1447 1481 1507 πήθω
1511 1448 1560 1493 τὸ
1591 1447 1711 1494 ποί-ιι.

211 1536 299 1574 σχω
331 1525 371 1562 et
399 1514 548 1574 μήθω,
578 1516 686 1572 quod
717 1515 768 1558 ab
788 1515 1010 1559 Heraclide
1039 1518 1202 1572 ponitur
1228 1523 1395 1572 propter
1422 1515 1712 1574 προμηθήςς-

212 1595 252 1630 et
281 1600 332 1629 ex
360 1582 486 1640 μήόω
517 1596 760 1626 conversum
784 1583 932 1625 dicitur
958 1589 1001 1625 ut
1033 1579 1180 1629 οὒθέν,
1210 1579 1371 1634 minag,
1398 1580 1554 1640 ψύθος
1568 1581 1710 1642 Eusp-

211 1655 307 1705 773,
335 1653 403 1695 33.
431 1650 604 1693 Philem.
645 1650 682 1704 δ.
714 1649 807 1692 185.
847 1650 968 1702 quasi
1001 1662 1028 1692 a
1062 1650 1266 1706 primitivo
1304 1646 1406 1703 μάω
1435 1662 1519 1693 non
1547 1662 1686 1707 aeque
1700 1647 1714 1705 ζ

209 1721 406 1778 proclivis
439 1717 562 1760 fuerit
599 1717 798 1760 decursus
839 1717 894 1759 ad
924 1714 1075 1769 μάθος
1114 1728 1236 1773 quam
1266 1716 1322 1761 ad
1346 1716 1500 1773 μῆδος.
1559 1716 1683 1769 Quod·
1703 1740 1710 1762 ς

211 1788 472 1832 Herodianus
507 1783 638 1840 Epim.
675 1783 771 1826 245.
816 1790 856 1826 et
895 1782 1026 1840 Epim.
1067 1781 1203 1826 Cram.
1246 1782 1298 1827 ΙΙ.
1341 1783 1438 1826 231.
1483 1783 1712 1840 adjiciunt..

211 1853 391 1912 ἀλήθω,
428 1864 685 1909 paragogum
722 1856 805 1901 est3
842 1848 998 1906 δρήθω
1039 1850 1253 1894 confictum
1291 1864 1343 1895 ex
1379 1852 1535 1895 aoristo
1571 1851 1684 1910 δρα·
1712 1857 1719 1893 1

209 1926 333 1972 θεῖν,
373 1919 448 1963 sed
490 1919 641 1973 injuria
680 1916 731 1959 ab
775 1917 963 1960 omnibus
991 1919 1237 1973 praeteritur
1270 1915 1414 1975 σήθω.
1469 1917 1684 1963 Praesens
1712 1918 1714 1922 ’

208 1985 313 2045 &ew
342 1986 455 2029 nullo
484 1985 718 2028 testimonio
747 1982 1014 2040 comprobare
1034 1997 1201 2040 possum
1234 1985 1309 2027 sed
1336 1984 1432 2028 hinc
1462 1992 1573 2029 certe
1601 1999 1679 2030 na·
1715 1983 1721 2031 ζ

208 2064 292 2098 tum
321 2060 384 2097 est
412 2049 563 2110 ἡθμός
593 2057 632 2093 et
663 2052 842 2094 aoristus
871 2052 914 2092 in
945 2049 1095 2092 Galeni
1123 2048 1349 2106 Exegetico
1380 2054 1550 2108 Διῆσαι
1581 2053 1686 2096 δια·
1712 2058 1721 2074 ·

208 2119 542 2175 σεῖσαι-δηλοῖ
570 2117 618 2161 δὲ
649 2116 723 2160 καὶ
751 2116 800 2160 τὸ
834 2117 1051 2174 διηθῆσαι
1067 2123 1107 2160 et
1123 2113 1271 2168 ‘Hoag
1290 2116 1522 2174 διηθήσας,
1549 2133 1684 2176 quan·
1717 2120 1723 2168 ξς

209 2203 332 2246 quam
367 2182 475 2243 ἧσαι
506 2185 613 2241 apud
641 2183 932 2241 Hippocratem
969 2185 1102 2239 ipsum
1139 2197 1223 2227 non
1257 2184 1410 2240 legitur
1437 2185 1513 2228 sed
1542 2186 1679 2231 solum
1706 2174 1724 2238 s*

207 2260 343 2314 σῆσαι
371 2262 453 2297 tum
478 2253 579 2296 alibi
607 2259 690 2294 tum
720 2253 763 2294 in
791 2254 895 2308 ipso,
926 2264 1045 2307 quem
1072 2250 1256 2294 Galenus
1282 2251 1494 2307 designat,
1522 2251 1679 2297 Mulie-
1723 2279 1725 2312 1

206 2324 340 2366 brium
378 2320 558 2364 secundo
596 2333 634 2375 p.
673 2319 768 2362 766.
795 2319 889 2362 768.
920 2318 1016 2361 769.
1048 2318 1143 2361 777.
1173 2317 1268 2361 817.
1299 2318 1450 2376 ubique
1489 2320 1680 2365 cribrare
1717 2331 1726 2369 ·,«;

209 2387 492 2443 (κοσκινίσαι)
533 2386 772 2442 significans
811 2399 895 2429 non
933 2385 1074 2429 colare
1116 2383 1404 2437 (σακελλίσαι)
1442 2386 1551 2442 quod
1580 2388 1678 2444 διη-
1711 2391 1713 2393 ’

207 2462 354 2516 θῆσαι
393 2459 540 2501 dicitur
579 2457 629 2499 de
658 2455 794 2498 Morb.
829 2454 895 2497 lV.
926 2456 1020 2497 332.
1078 2454 1124 2497 In
1155 2459 1244 2497 ιθω
1281 2468 1402 2498 unum
1433 2468 1530 2499 esse
1559 2458 1675 2499 testi·
1710 2462 1716 2467 “

209 2527 353 2570 ficatur
383 2524 683 2568 Grammaticus
714 2522 848 2566 Uram.
876 2522 926 2564 ll.
955 2521 1050 2566 403.
1080 2528 1119 2564 et
1148 2519 1357 2566 Theodos.
1387 2522 1414 2565 l.
1447 2535 1482 2566 c.
1513 2522 1566 2566 τὰ
1597 2522 1672 2567 διὰ
1717 2566 1719 2571 ⁴

207 2600 284 2640 τοῦ
323 2586 427 2652 η-θῶ
466 2591 639 2651 ῥήματα
678 2592 738 2650 μὴ
786 2590 830 2635 ἓν
869 2589 1062 2649 κινήσεσι
1101 2592 1311 2645 γεννῶντα
1347 2590 1395 2635 τό
1427 2582 1472 2636 ἶ
1502 2590 1672 2643 (πείθω
1703 2591 1716 2641 J,

210 2664 434 2719 πέποιθα)
463 2662 537 2706 διὰ
566 2654 711 2720 τοῦῖ
729 2659 947 2718 γράφεται
972 2659 1106 2716 χωρὶς
1134 2662 1212 2703 τοῦ
1239 2659 1400 2716 βρίθω,
1432 2666 1565 2717 neque
1594 2662 1672 2703 uti·
1715 2668 1721 2679 ’·

209 2746 298 2774 mur
326 2734 527 2774 mantissa
542 2728 778 2785 Etymologi
798 2728 976 2771 Gudiani
998 2742 1035 2784 p.
1053 2727 1148 2777 121,
1171 2727 1237 2769 37.
1270 2725 1385 2783 πλὴν
1412 2730 1493 2772 τοῦ
1521 2727 1668 2784 βρίθω

214 2798 286 2842 καὶ
317 2796 471 2854 noi-fico
503 2795 577 2839 καὶ
596 2793 754 2852 θρίδω,
785 2808 891 2850 quae
920 2795 1062 2839 nescio
1092 2801 1222 2838 utrum
1250 2793 1512 2839 librariorum
1539 2795 1678 2838 errori
1701 2787 1719 2826 Τ
