1728 3120
275 170 320 214 P.
342 169 372 214 1.
431 167 502 212 DE
532 165 841 212 NOMINIBUS
872 164 1086 209 PRIMAE
1114 163 1330 208 DECLlN.
1447 165 1551 213 255

61 250 74 273 ἢ

62 283 73 294 ”
102 328 110 343 -,
128 286 313 340 'Rotam
342 309 454 341 esse.
512 293 742 340 Verborum
771 295 813 337 in
839 283 907 338 δῖ)
937 295 1174 338 exeuntium
1204 307 1325 337 unum
1359 290 1445 348 ζόω
1474 308 1549 338 no-

87 351 143 419 ,ᾖ
171 365 405 422 progenuit,
437 360 529 420 ζόη,
560 362 670 420 quod
700 360 798 406 Sch.
818 360 915 404 Eur.
934 360 1033 405 Hec.
1056 361 1178 404 1084.
1202 368 1242 405 et
1259 360 1487 415 Eust.411,
1508 363 1548 406 l.

85 430 150 466 5³3
177 452 193 470 n
235 437 330 490 apte
362 431 415 476 ad
448 430 530 485 ζέω
571 430 778 480 referunt,
816 430 932 485 cujus
973 429 1091 472 nulla
1125 443 1217 473 cum
1250 427 1335 483 ζόω
1368 432 1554 475 societas

194 505 345 557 potest.
403 497 657 557 Diphthongi
697 497 926 554 exemplum
972 498 1148 554 suppetit
1187 499 1353 541 unicum
1392 495 1550 558 ἀκουή,

78 587 115 610 ·ι
154 566 252 612 ΕΜ.
282 569 352 620 50,
383 568 450 612 lo,
481 566 595 626 ἀκοή
626 567 833 624 praefert:
874 565 930 610 τὰ
959 566 1043 624 γὰρ
1075 564 1140 618 εἷς
1160 557 1216 611 ἶ
1235 569 1420 627 καθαρὰ
1452 575 1552 622 (κα-

81 634 220 694 (rh)
251 634 441 694 λήγοντα
464 634 688 692 βαρύτονα
723 633 799 692 τὴν
826 632 1175 692 παραλήγουσαν
1207 633 1251 679 ἐν
1286 641 1381 688 τοῖς
1411 637 1554 696 ῥημα-

65 695 90 731 ’>
116 741 118 744 ,
141 706 203 755 ῖς
230 706 443 760 βραχεῖαν
472 699 573 756 ἔχει.
632 700 719 745 Nec
739 701 869 744 multa
894 708 1038 745 sextae
1061 703 1249 754 vocalis3
1282 717 1308 747 a
1328 703 1553 748 thematico

194 769 494 814 substantivum
525 767 616 826 πύη
648 768 779 812 semel
811 770 1018 812 inventum
1050 770 1164 814 Aret.
1196 770 1305 814 Diut.
1325 770 1355 814 Ι.
1385 771 1426 815 S.
1457 770 1550 829 πύη

69 842 105 870 ’-
165 835 341 895 φθίσις,
371 850 467 880 nam
499 837 610 894 quod
639 838 826 894 sequitur
855 834 1002 893 ἑμηύη
1027 835 1107 895 ἥδε
1133 834 1329 892 τοῦνομα
1358 841 1401 883 in
1430 841 1550 884 codd.

80 906 88 914 “
130 905 255 962 'ptum
285 911 349 948 est
393 901 560 958 ἒζιιπυοι
596 902 691 948 οἵδε
719 899 915 958 witmau
947 917 1005 947 sc.
1038 903 1231 958 ἔχουσιν,
1268 913 1307 949 et
1347 909 1553 963 poeticum

156 1004 166 1014 .
217 969 320 1015 Ῥύα
354 985 407 1015 ex
436 971 608 1015 Aeliani
646 971 764 1022 loco,
801 984 921 1028 quem
951 973 1091 1014 notavi
1123 972 1177 1014 ad
1205 971 1356 1027 Phryn.
1385 988 1422 1031 p.
1449 974 1546 1017 492.

199 1038 406 1082 sublatum
429 1045 504 1083 est.
565 1038 764 1094 Quaeque
783 1037 1053 1081 Grammatici
1082 1041 1275 1095 ingerunt
1306 1038 1388 1096 δύη
1423 1041 1552 1099 παρὰ

35 1067 43 1145 f
71 1105 111 1150 ’ὁ
141 1105 232 1150 δύω
269 1104 387 1150 Eust.
415 1105 539 1157 1835,
567 1105 635 1148 57.
677 1112 718 1148 et
757 1103 838 1160 λύη
880 1102 971 1148 ἀπὸ
1012 1107 1091 1162 τῆς
1129 1104 1300 1159 λύσεως
1330 1107 1472 1153 Schol.
1502 1110 1549 1154 ll.

25 1226 27 1231 .
88 1175 121 1212 ,Ι
158 1207 168 1216 .
197 1172 296 1217 240.
339 1185 481 1217 eorum
523 1171 698 1216 alterum
738 1171 918 1223 nullam,
964 1172 1135 1216 alterum
1178 1182 1416 1231 pertenuem
1458 1192 1550 1222 cum

27 1285 29 1290 ,
144 1254 189 1285 o
219 1239 531 1284 similitudinem
569 1239 719 1291 habet,
756 1253 853 1282 nam
890 1237 1016 1291 λύσις
1050 1255 1258 1299 nunquam
1299 1244 1450 1288 dicitur
1477 1260 1552 1303 pro

18 1303 30 1358 ,³
66 1318 94 1368 ,'
115 1303 229 1360 ἄσις.
287 1306 376 1351 Sed
395 1310 508 1351 θυῖα
537 1320 622 1364 qua
649 1309 858 1366 proprium
880 1321 963 1365 qua
993 1308 1287 1366 appellativum
1305 1325 1390 1356 non
1419 1317 1552 1358 actio-

17 1364 37 1465 ᾗ
75 1386 154 1420 em
173 1373 382 1431 siguificat
409 1373 486 1418 sed
507 1385 731 1433 personam
754 1375 807 1418 ab
838 1375 1003 1419 aeolico
1023 1375 1142 1420 θυίω
1173 1377 1348 1422 ductum.
1402 1380 1552 1439 Ἠπύη

136 1439 188 1500 νή
207 1441 306 1486 Hes.
337 1441 427 1485 fieri
456 1448 592 1500 potest
621 1449 663 1486 ut
691 1439 812 1500 ἠπύς
831 1444 1046 1501 scripserit
1075 1444 1144 1487 vel
1175 1440 1304 1503 ἦπυς,
1332 1461 1429 1491 nam
1446 1462 1553 1506 quae

186 1506 318 1568 ἠπύω
349 1516 581 1554 consonant
609 1509 743 1554 verba
772 1505 916 1561 ἀλύω,
959 1507 1104 1564 ἆχλύω
1135 1518 1212 1555 etc.
1252 1526 1279 1555 a
1316 1517 1554 1561 nominibus

135 1569 187 1631 {2}
216 1585 310 1622 orta
331 1585 437 1622 sunt.
496 1577 650 1622 Ultima
671 1579 812 1622 classe
837 1581 1098 1623 continentur
1117 1587 1300 1636 oxytona
1322 1583 1419 1637 ζώω
1451 1585 1553 1645 ζωή,

31 1635 39 1712 ξ
70 1643 239 1700 ώομαι
275 1643 371 1703 σωή
405 1643 431 1705 ἦ
473 1644 649 1703 ἐφορμὴ
692 1645 764 1688 ’καὶ
803 1644 927 1702 φορά
957 1646 1055 1690 Hes.
1085 1660 1118 1689 s.
1178 1644 1435 1707 Εἷίσωτρον,
1471 1662 1555 1698 ter-

15 1718 39 1754 Δἶ
73 1713 240 1770 'umque
274 1710 393 1771 ἐρωή
425 1710 552 1769 παρὰ
583 1711 632 1755 τὸ
666 1711 768 1771 ῥώω
801 1711 862 1764 ὡς
890 1710 986 1767 ζώω
1021 1713 1108 1772 ζωή
1137 1713 1232 1757 ΕΜ.
1263 1717 1360 1768 380,
1391 1720 1460 1764 34.

14 1753 25 1853 Ι
59 1814 67 1828 ,.
178 1779 203 1835 §
246 1780 288 1822 2.
322 1779 454 1824 ·Hinc
493 1782 705 1836 pergimus
744 1779 797 1822 ad
828 1782 1081 1838 propagines
1118 1782 1339 1828 verborum
1367 1800 1449 1831 non
1479 1804 1554 1847 pu—

52 1851 215 1908 ⁴rum.
271 1845 350 1890 Hic
378 1846 484 1890 nihil
515 1855 585 1890 aut
615 1847 760 1891 ordine
790 1850 904 1905 prius
937 1856 1006 1892 aut
1035 1853 1260 1894 memoriae
1291 1860 1557 1909 praesentius

30 1905 38 1947 fl'
58 1932 101 1951 a
152 1926 277 1971 quam
305 1913 459 1972 βουλή,
490 1915 606 1971 cujtls
640 1928 899 1971 synonymon
922 1913 1051 1973 Δήλη
1082 1913 1109 1974 ἡ
1138 1917 1278 1977 βουλή
1307 1922 1390 1964 nisi
1419 1922 1556 1981 Hesy-

20 2027 21 2031 ,
219 1982 466 2032 excitasset,
503 1982 547 2024 in
584 1981 795 2026 oblivione
831 1984 995 2039 Jaceret
1022 1984 1165 2026 itidem
1202 1992 1246 2028 ut
1275 1986 1410 2032 Λάλα
1438 1990 1555 2049 λύμη

23 2092 25 2099 ,
59 2067 97 2074 ··
124 2046 332 2106 δήλομαι.
389 2046 483 2092 Non
519 2047 630 2092 ultra
657 2048 880 2094 Homerum
920 2050 1137 2094 descendit
1166 2049 1319 2096 πάλλα
1350 2051 1442 2100 ἀπὸ
1475 2063 1556 2103 τοῦ

26 2107 65 2157 ἶ
110 2113 326 2159 ’λλεσθαι
361 2113 477 2159 Eust.
511 2115 644 2167 1554,
677 2117 745 2160 31.
816 2116 978 2161 Diutius
1017 2131 1118 2162 vero
1163 2119 1403 2175 perduravit
1442 2122 1555 2184 οὐλή

75 2181 190 2239 ιρὰ
226 2179 276 2224 τὸ
318 2178 436 2227 amm
467 2181 564 2225 ΕΜ.
595 2190 636 2226 et
666 2183 789 2240 δείλη
827 2198 853 2228 a
892 2185 1117 2238 ὄείλομαι,
1161 2188 1197 2228 si
1230 2188 1395 2243 quidem
1429 2194 1559 2237 vincit

58 2256 83 2277 Δ
106 2247 341 2292 ristarchea.
378 2251 585 2306 scriptura
625 2249 808 2294 ὁείλετο.
876 2251 976 2294 Post
1014 2264 1105 2294 eum
1144 2253 1349 2298 increbuit
1391 2260 1558 2311 βδέλλα

45 2315 204 2366 ,vocali
226 2315 347 2359 verbi
376 2316 556 2371 βδάλλω
586 2316 738 2360 leniter
766 2316 920 2361 inflexa
937 2319 977 2372 ⁵)
1008 2325 1048 2360 et
1077 2319 1244 2362 Στέλλα
1277 2320 1429 2376 ζῶσμα
1456 2325 1559 2370 Hes.

125 2382 276 2441 quibus
308 2383 509 2426 desciscit
545 2396 696 2426 nomen
730 2392 1009 2428 ramentorum
1038 2384 1242 2441 pulveris,
1275 2402 1381 2445 quae
1416 2394 1460 2435 in
1493 2394 1557 2436 lu-

26 2451 30 2467 ’
95 2452 179 2495 ine
211 2449 317 2494 solis
346 2462 424 2507 per
451 2450 625 2505 januam
655 2451 933 2495 fenestramve
971 2453 1144 2507 traJecto
1175 2457 1496 2512 conspiciuntur,
1516 2465 1560 2517 6)

24 2512 33 2567 ἒ
62 2512 97 2572 ἃ
128 2516 183 2575 δὴ
215 2515 343 2569 τίλας
371 2517 487 2568 τινὲς
518 2518 702 2561 καλοῦσι
736 2517 840 2561 Plut.
867 2518 1009 2576 Symp.
1030 2518 1133 2562 Vlll.
1158 2521 1199 2564 3.
1229 2523 1264 2564 si
1293 2523 1335 2566 id
1367 2538 1393 2568 a
1422 2526 1556 2570 τίλλω

25 2570 222 2630 fctum
260 2591 326 2628 est
366 2597 527 2628 nomen.
587 2584 836 2640 Trisyllaha
875 2586 956 2629 duo
995 2594 1108 2638 sunt,
1149 2584 1314 2646 ἀπειλή
1353 2589 1446 2636 ἀπὸ
1477 2597 1558 2638 τοῦ

32 1627 34 1630 -
28 1472 42 1600 Α’-μ-ὴῃοω-
32 1430 40 1465 Φ..

155 2722 196 2767 5)
227 2721 431 2767 Hesychius
451 2719 684 2768 Ἐβδηλάμην
696 2742 735 2746 -.
748 2720 919 2767 βδάλλειν
950 2722 988 2759 τὸ
1015 2723 1213 2771 ἀμέλγειν,
1242 2722 1332 2762 ὅθεν
1362 2726 1383 2770 ἡ
1409 2729 1556 2774 βδέλλα,

154 2778 194 2822 6)
237 2776 291 2813 Τὰ
316 2775 528 2825 καλούμενα
557 2777 724 2825 &tiquam
749 2780 790 2814 ἐν
815 2781 866 2825 τῷ
889 2778 969 2828 ἀέρι
996 2781 1101 2817 Arist.
1129 2781 1175 2817 de
1201 2783 1267 2820 An.
1294 2782 1322 2819 l.
1346 2783 1380 2820 2.

13 2880 26 2935 *τὲ-,ν-
