1728 3120
223 182 323 231 296
627 172 1089 218 DISSERTA'PIO
1130 172 1282 216 XVIII.

227 304 310 348 qua
338 290 500 345 species
529 287 642 343 prius
672 286 883 343 appellata
911 286 1091 329 creditur
1119 298 1242 341 quam
1272 297 1419 340 genus,-
1438 286 1584 344 vtique
1613 300 1670 332 not

226 356 360 406 valet3
390 366 485 396 nam
516 348 652 402 αἶπος
670 365 753 395 ιιοιι
783 351 1037 395 altitudinem
1066 351 1273 406 signifieat
1301 350 1377 394 sed
1404 350 1541 396 Iocum
1571 353 1671 396 altui

227 428 270 464 ut
299 417 435 469 δάσος
463 431 546 462 non
570 418 814 461 densitatem
842 418 929 469 sed,
958 425 1002 460 ut
1018 417 1098 461 hoc
1126 424 1232 468 utar,
1261 417 1486 470 demetam,
1510 426 1553 462 et
1575 420 1699 474 γλεῦ-

231 502 306 537 κος
336 499 419 529 non
449 484 720 536 dulcedinem,
751 485 826 528 sed
855 491 1048 535 mustum,
1079 479 1182 535 ὅξος
1214 489 1372 527 acetum
1403 497 1486 528 non
1517 497 1698 529 acorem.

231 552 348 604 Quae
376 564 476 594 vero
503 550 771 594 Buttmannus
800 551 887 593 illis
916 550 1123 606 subJungit
1149 550 1330 604 ψεῦδος,
1361 543 1524 604 αἶσχος,
1555 552 1699 604 κῦδος,

227 621 561 674 μῆκος,,εοι·ιιιη
591 619 764 675 primum
790 617 919 661 verbo
949 617 1204 672 conjunctius
1235 622 1298 658 est
1328 627 1450 671 quam
1479 616 1700 673 adjectivo,

230 683 340 741 quod
369 682 634 727 Grammatici
664 684 775 727 haud
803 682 1011 739 ignobiles
1042 682 1220 725 Homero
1249 682 1432 735 ignotum
1462 694 1513 726 ae
1541 696 1593 726 ne
1622 695 1678 726 na

228 752 355 794 tivum
385 750 548 806 quidem
582 763 678 794 esse
715 750 955 794 confirmant
982 762 1020 792 v.
1051 747 1206 791 Par-all.
1234 747 1327 790 161.
1357 753 1398 790 et
1423 747 1519 792 164.
1561 756 1673 793 ceter
1703 791 1705 794 ⁴

233 830 284 859 ex
310 816 426 860 nullo
454 817 751 860 vocabulorum
786 818 1029 860 usitatorum
1059 815 1134 858 sed
1171 827 1222 857 ex
1250 813 1446 870 stirpibus
1474 815 1702 861 reconditis

231 889 543 940 procreverunt3
574 896 668 926 nam
689 896 795 939 quae
825 883 897 926 ille
918 882 1032 938 fingit
1056 881 1091 936 §.
1111 881 1179 924 69.
1208 879 1317 924 Adn.
1331 880 1373 923 6.
1403 877 1566 935 αἶσχός,
1597 882 1704 925 καλ-

233 946 320 999 λύς,
349 962 493 1006 parum
519 950 713 993 arrident.
771 949 883 993 Aliis
926 948 1170 1005 quibusdam
1202 945 1469 990 Grammatiei
1497 947 1684 1002 adjectiv-

233 1015 442 1058 secundae
477 1016 767 1059 declinationis
795 1021 1070 1073 praeponunt:
1110 1012 1185 1056 ἐὰν
1219 1009 1311 1056 ἀπὸ
1343 1009 1575 1069 ἀρσενικοῦ
1604 1010 1709 1066 ὄξυο,

231 1078 360 1124 τόνου
388 1081 631 1136 μετάβασις
650 1082 824 1138 γένηται
847 1079 912 1131 εἷς
937 1077 1166 1136 οὐδέτερον
1188 1079 1320 1135 γένος,
1349 1077 1707 1134 συμμεταβάλλει

235 1147 309 1189 καὶ
338 1144 362 1189 ὃ
380 1144 518 1198 τόνος,
549 1143 572 1190 ὃ
592 1147 764 1202 μακρὸς
781 1147 830 1190 τὸ
862 1145 1043 1204 μάκρος.
1074 1143 1098 1188 ὃ
1129 1144 1277 1195 στενὸς
1297 1144 1346 1188 τὸ
1374 1148 1542 1196 στεῖνος
1565 1144 1703 1190 Cram.

234 1211 264 1254 Ι.
288 1211 385 1255 412.
415 1213 552 1267 μέζεα
580 1212 634 1256 τὰ
665 1211 818 1256 αἰδοῖα
842 1211 912 1256 ὅτι
939 1212 1055 1266 μέσα
1082 1213 1161 1254 τοῦ
1190 1207 1396 1264 σώματος
1413 1223 1423 1233 ·
1451 1212 1628 1256 Σικελοὶ
1657 1212 1711 1257 δὲ

232 1278 349 1333 μέσα
380 1279 587 1322 καλοῦσιν
609 1281 675 1333 ¹⁴)
705 1277 799 1321 EM.
830 1285 870 1321 et
901 1277 1005 1320 Gud.
1032 1276 1128 1319 390.
1167 1289 1338 1332 quornm
1364 1276 1445 1320 duo
1473 1280 1706 1323 novissima

237 1345 289 1387 ab
320 1344 535 1399 adjectivis
568 1345 804 1402 discrepant
833 1345 1063 1400 adJectione
1092 1344 1289 1399 temporis
1318 1344 1407 1387 sive
1435 1357 1577 1393 morae
1607 1352 1649 1388 ut
1679 1359 1707 1389 a.

236 1408 371 1460 καλός
399 1409 581 1462 κάλλος,
619 1409 789 1468 μακρός
816 1413 968 1467 μῆκος.
1026 1408 1183 1452 Eodem
1220 1409 1340 1453 modo
1367 1416 1514 1454 neutra
1551 1414 1714 1468 κῦφος,ῖ

237 1473 383 1526 αἶθος,
410 1474 578 1530 σίκχος,
609 1480 793 1534 σκνῖφος
823 1477 875 1519 ab
910 1475 1097 1532 epithetis
1126 1477 1245 1518 nasci
1274 1482 1490 1533 potuerunt
1515 1490 1622 1534 quae
1652 1479 1707 1522 iis

235 1548 438 1585 vetustate
471 1549 541 1585 aut
579 1543 823 1586 antecedunt
861 1549 929 1585 aut
958 1548 1068 1584 certe
1103 1543 1223 1598 paria
1259 1548 1372 1593 sunt;
1411 1542 1487 1586 sed
1521 1543 1653 1602 κρυός
1681 1541 1707 1590 ὃ

240 1606 374 1664 ξηρός
402 1607 501 1651 Hes.
539 1606 685 1658 κνισός
723 1615 763 1651 et
799 1605 939 1662 μυσός
974 1609 1254 1664 postponimus
1290 1608 1523 1652 nominIbus
1563 1609 1708 1668 κρύος,

241 1677 406 1725 κνῖσος,
435 1672 594 1728 μύσος,
634 1676 733 1730 quia
761 1674 906 1718 horum
935 1687 1034 1716 usus
1071 1675 1277 1729 antiquior
1304 1673 1429 1718 multo
1461 1682 1582 1739 atque
1611 1677 1710 1722 illu-

241 1741 377 1783 strior.
435 1739 553 1783 Nunc
592 1741 642 1783 de
685 1741 817 1784 altero
852 1754 1008 1796 genere
1041 1753 1358 1796 paronymorum
1386 1740 1601 1786 dicendum
1633 1751 1710 1797 est,

241 1806 350 1861 quod
370 1818 396 1848 a
419 1806 688 1850 substantivis
715 1808 930 1863 repetitur:
963 1806 1011 1850 ἐκ
1029 1808 1108 1849 τοῦ
1125 1802 1381 1860 βλοὶῥέται’Ι
1353 1823 1494 1861 ονομα
1521 1805 1547 1866 ἦ
1565 1808 1711 1869 βλάβη

243 1870 317 1914 καὶ
358 1867 444 1914 ἀπ’
486 1870 619 1929 αὐτῆς
657 1870 706 1915 τὸ
750 1869 916 1928 βλάβος
954 1869 1012 1921 ὡς
1051 1869 1166 1926 δίψα
1205 1870 1340 1928 δίψος
1375 1874 1448 1917 καὶ
1483 1874 1538 1919 τὰ
1574 1875 1711 1931 ὅμοια

242 1934 782 1988 Eust.1410,17.Nee
819 1938 1001 1993 parcitur
1038 1936 1344 1980 audacioribus.
1406 1937 1566 1984 Etenim
1605 1937 1712 2000 ἦδος

242 2014 390 2044 nomen
420 2002 683 2045 Herodianus
714 2016 834 2058 quum
865 2009 1006 2058 posset
1035 2002 1087 2044 ad
1119 2001 1286 2058 ἥδομαι
1314 2004 1494 2057 referre,
1521 2010 1728 2069 nomina—

242 2066 352 2109 libus
384 2062 535 2123 adJecit
563 2068 615 2110 ob
651 2067 759 2110 hanc
794 2080 918 2110 unam
947 2079 1118 2110 causam
1157 2068 1255 2122 quia
1291 2071 1544 2126 aspiratione
1575 2083 1709 2120 caret:
1727 2073 1728 2095 ¹

241 2133 291 2176 τὸ
323 2129 457 2191 ἡδονὴ
505 2131 796 2187 δασυνόμενον
836 2130 1258 2188 μετασχηματίζεται
1297 2132 1362 2186 εἷς
1394 2136 1443 2179 τὸ
1485 2132 1593 2194 ἦδος
1630 2149 1712 2196 ψι-

242 2197 452 2252 λούμενον
481 2214 541 2249 ως
568 2196 713 2255 ἡμέρα
742 2196 812 2249 εἷς
834 2197 883 2241 τὸ
912 2194 1031 2255 ἦμαρ
1054 2197 1149 2242 ΕΜ
1165 2198 1262 2250 420,
1283 2201 1351 2243 35.
1377 2200 1512 2246 Cram.
1528 2203 1599 2247 ΙΙΙ.
1613 2206 1710 2250 400

242 2263 357 2308 Eust.
386 2264 481 2316 154,
510 2264 579 2310 40
638 2263 724 2307 Sed
758 2266 894 2315 etiam,
924 2264 995 2309 nbi
1023 2264 1140 2308 nulla
1167 2266 1368 2320 ejusmodi
1398 2282 1528 2315 causa
1556 2273 1710 2327 subest,

243 2329 317 2385 λέ)
319 2330 420 2374 ουσί
453 2346 565 2381 τινες
595 2329 665 2375 ὅτι
699 2330 747 2375 ἐκ
775 2333 854 2375 τοῦ
880 2329 1048 2387 μηχανή
1078 2329 1242 2386 γίνεται
1271 2333 1382 2376 κατὰ
1417 2352 1713 2396 παρασχημα..

244 2395 399 2449 τισμὸν
429 2398 568 2453 μῆχος
605 2392 664 2447 ὦς
693 2393 828 2455 ἡδονή
863 2391 970 2454 ἦδος
1005 2395 1136 2453 Epim.
1169 2395 1361 2442 Cram.1.
1391 2402 1486 2445 271.
1544 2403 1592 2447 In
1618 2408 1710 2449 uni-

243 2474 405 2507 versum
432 2469 570 2505 tamen
601 2464 854 2519 principatus
884 2463 1003 2507 datur
1035 2463 1312 2509 neutralibus·
1353 2462 1458 2523 ἄγος
1497 2467 1547 2513 τὸ
1576 2471 1709 2527 σέβας

244 2525 354 2572 ὅθεν
382 2527 431 2572 τὸ
464 2524 549 2584 ἄγη
580 2527 676 2572 Sch.
709 2528 836 2586 Soph.
868 2527 969 2572 Oed.
999 2527 1049 2571 Τ.
1081 2529 1176 2572 656.
1204 2531 1347 2589 παρὰ
1359 2532 1408 2575 τὸ
1439 2532 1570 2587 νάκος
1597 2536 1708 2595 νάκη

337 2671 393 2715 14)
429 2671 533 2711 Quae
544 2678 771 2726 sequuntur,
799 2646 855 2712 ‘sic
880 2672 1061 2719 explenda
1083 2679 1183 2712 sunt.
1215 2671 1237 2718 ἢ
1263 2675 1351 2720 (ἀπὸ
1374 2679 1437 2713 τοῦ
1457 2677 1593 2725 μήδεα)
1616 2681 1707 2718 κατὰ

241 2726 442 2771 μετάθεσιν
465 2732 528 2768 τοῦ
551 2732 575 2767 δ
600 2732 650 2772 εἰς
673 2733 686 2772 ζ
711 2732 787 2776 (καὶ
804 2745 843 2780 «ιο
847 2733 917 2781 οπῇ
937 2733 1000 2767 τοῦ
1023 2733 1073 2776 η)
1102 2732 1156 2769 Cf.
1174 2733 1438 2776 Schneidewin,
1451 2737 1613 2785 Conject.
1630 2739 1706 2777 138
