1708 3126
201 234 247 264 vl

204 335 374 375 constat
402 334 545 372 utrum
580 324 796 386 primitiva
825 324 914 369 sint
948 338 1001 369 an
1033 322 1244 384 derivata,
1283 332 1358 370 aut
1380 331 1545 370 certum
1581 327 1651 386 quii

206 417 300 463 dem
330 423 396 460 est
429 414 645 475 primitiva
678 428 761 459 non
797 427 892 458 csse
929 427 1006 457 nec
1044 421 1184 458 tamen
1215 413 1433 474 cognitum
1469 411 1647 460 habemu

205 503 316 550 unde
354 503 439 548 sint
484 511 594 548 orta.
667 501 841 547 Interim
878 501 1027 562 multa,
1067 515 1176 563 quae
1213 500 1312 547 olim
1346 500 1653 562 ignorabantur

205 591 525 640 succedentium
562 589 770 636 industria
813 590 855 635 in
897 590 1036 635 lucem
1072 590 1236 651 prolata
1273 599 1400 647 sunt,
1446 591 1579 637 multa
1612 591 1651 637 in

205 682 348 728 ventis
378 679 572 726 adstruet
597 679 770 725 assidua
802 679 1000 724 tractatio
1033 687 1077 724 et
1112 678 1241 739 longa
1270 677 1510 726 studiorum
1534 688 1671 726 aetas,

205 770 373 818 Verum
420 777 467 814 ut
513 783 563 813 eo
611 768 921 828 perveniatur,
970 782 1053 829 quo
1095 767 1339 828 linguarum
1386 767 1673 826 orientalium,

208 858 443 905 sanseritae
474 865 519 902 et
548 854 772 902 hebraicae
809 857 1145 917 investigatores
1176 856 1318 902 evecti
1345 864 1464 916 sunt,
1505 855 1585 902 hoc
1610 866 1677 903 est

206 956 256 992 ut
285 947 457 1007 linguae
489 960 671 1006 graecae
704 945 844 990 lexica
881 945 1166 1008 etymologica
1198 945 1286 1005 vel,
1325 954 1373 991 ut
1403 945 1463 991 illi
1500 954 1674 1002 vocant,

208 1036 348 1081 lexica
392 1033 580 1080 radicum
625 1033 884 1095 condantur,
934 1034 976 1080 id
1014 1033 1115 1080 mihi
1162 1033 1288 1080 altius
1335 1033 1505 1080 videtur
1551 1048 1676 1096 quam

208 1123 322 1187 quod
355 1124 506 1184 attingi
552 1124 709 1183 possit.
780 1123 892 1171 Nam
938 1125 1010 1186 qui
1055 1137 1192 1183 nuper
1226 1123 1271 1169 in
1315 1121 1545 1169 Germania
1590 1122 1676 1169 edi—

209 1214 362 1260 derunt
390 1211 521 1258 libros
547 1212 608 1258 sic
634 1212 881 1272 inscriptos,
925 1220 1096 1258 caetera
1122 1211 1371 1271 dissimiles,
1411 1210 1676 1258 Wilhelmus

206 1302 322 1363 Pape
379 1300 772 1365 Etymologz'sches
824 1299 898 1347 W
894 1300 1164 1347 certerbuch
1218 1300 1301 1347 der
1349 1299 1677 1365 griechischen

207 1390 414 1454 Spraehe
441 1391 587 1436 1836.
628 1398 672 1436 et
707 1389 961 1436 Theodorus
994 1388 1156 1452 Benfey
1183 1387 1505 1437 Griechisches
1535 1389 1611 1438 W
1604 1405 1678 1460 nr-

208 1481 467 1528 zelleoeicon
492 1479 636 1525 1839.
663 1478 766 1524 nihil
791 1479 929 1524 minus
951 1478 1032 1524 sihi
1054 1479 1319 1540 propositum
1338 1478 1525 1526 habuere
1551 1495 1678 1542 quam

208 1579 258 1616 ut
293 1569 417 1629 haec,
457 1583 565 1629 quae
602 1583 680 1614 nos
718 1567 983 1629 quaerimus,
1023 1575 1166 1630 etyma
1201 1583 1279 1629 per
1314 1569 1454 1615 omnia
1487 1569 1678 1630 vestigia

208 1664 596 1720 persequerentur,
632 1656 893 1716 investigata
930 1655 1206 1716 disponerent
1237 1665 1281 1703 et
1315 1656 1416 1719 quid
1451 1674 1476 1703 a
1506 1672 1685 1720 quoque,

209 1747 447 1793 derivatum
483 1744 542 1789 sit
576 1751 620 1788 et
656 1757 738 1804 qua
772 1744 966 1803 ratione,
1003 1744 1302 1804 explanarent.
1377 1743 1509 1807 Operi
1544 1745 1678 1793 arduo

212 1843 256 1880 et
288 1833 514 1894 philologis
541 1833 750 1877 intentato
783 1840 880 1876 ante
904 1832 1108 1877 ducentos
1144 1831 1239 1892 plus
1275 1833 1412 1879 minus
1435 1849 1570 1881 annos
1593 1813 1686 1882 mass

210 1938 311 1969 num
341 1922 497 1983 adjecit
530 1921 598 1966 vir
629 1921 671 1965 in
696 1919 824 1981 longe
860 1920 942 1965 alio
976 1919 1212 1966 studiorum
1243 1936 1404 1982 genere
1441 1932 1676 1984 occupatus

211 2010 385 2059 Simeon
432 2008 669 2066 Stevinus,
719 2008 843 2070 cujus
890 2010 1038 2054 merita
1081 2009 1245 2055 recenti
1293 2009 1428 2057 adhuc
1475 2014 1677 2060 memoria

210 2099 474 2162 praedicavit
492 2097 685 2143 Revinus
722 2098 765 2143 in
798 2096 907 2143 libro
937 2097 1027 2159 jam
1053 2097 1210 2145 dudum
1245 2100 1422 2145 emerito
1444 2098 1542 2147 Der
1569 2117 1676 2149 neu-

210 2187 486 2252 sprossende
523 2186 738 2234 deutsche
774 2186 1033 2232 Palmbaum
1066 2187 1214 2233 1683.
1249 2187 1315 2233 his
1351 2189 1496 2236 verbis
1538 2205 1673 2237 usus:

217 2276 391 2324 Unsere
413 2274 784 2338 Muttersprache
817 2277 881 2321 ist
901 2274 1032 2322 nicht
1061 2276 1172 2323 eben
1201 2276 1274 2323 die
1300 2278 1546 2342 geringste
1573 2295 1677 2327 son-

213 2366 326 2413 dern
373 2366 446 2411 die
473 2364 793 2428 praechtigste
805 2398 822 2423 ,
862 2366 926 2426 ja
961 2364 1034 2410 die
1078 2364 1294 2411 naeehste
1327 2365 1446 2414 nach
1486 2367 1569 2413 der
1602 2368 1678 2415 he-

212 2454 483 2502 braeis-chen
516 2455 599 2500 wie
635 2469 717 2499 aus
754 2453 838 2500 den
875 2453 1158 2517 einsylbigen
1193 2451 1585 2503 Stammwoertern
1615 2473 1678 2504 zu

211 2544 368 2604 sehen,
405 2543 550 2590 daven
584 2543 719 2589 allein
749 2541 859 2609 Scin.
894 2540 1046 2589 Stevin
1079 2542 1163 2604 bey
1199 2541 1272 2588 die
1306 2542 1442 2589 2170
1477 2559 1562 2591 aus
1594 2545 1678 2593 der

212 2633 443 2680 teutschen
476 2633 951 2696 zusammengelesen;
986 2633 1030 2677 in
1063 2631 1146 2677 der
1180 2632 1476 2680 lateinzsclzen
1510 2633 1594 2681 hat
1625 2627 1684 2683 er'

216 2723 331 2780 163,
370 2724 413 2768 in
451 2721 534 2768 der
562 2721 887 2784 griechischen
922 2719 1021 2768 265
1046 2720 1297 2783 gef'unden.
1372 2721 1450 2768 Hie
1477 2731 1546 2770 est
1581 2723 1676 2771 illu-
