1728 3120
229 145 328 191 312
642 138 1113 206 DISSERTATIO
1158 137 1308 184 xvm.

229 251 424 302 ἄπελοῦς
454 251 811 308 ἐπιγραφομένῃ,
854 265 937 295 non
961 248 1182 296 Ἀπελλοῦ
1211 252 1471 298 scribendum
1499 259 1595 312 puto
1625 267 1670 298 sc

231 315 427 367 ἅπέλους
455 316 547 360 scil.
581 315 791 374 ποιητική
823 319 912 361 sive
941 331 1022 362 uno
1050 317 1178 362 verbo
1209 315 1672 379 &nouimnxss-cumqu
1696 373 1699 379 ¹

230 383 377 427 eodem
404 385 569 427 nomIne
599 385 869 440 compositum
897 382 1160 441 ἐρυσίπελας
1182 385 1270 428 sive
1301 383 1610 442 ἐρυθρόὼἑελας
1638 388 1682 430 in.

230 449 453 493 flammatio
497 453 602 494 cutis
639 450 708 493 vel
743 452 854 506 ignis
895 464 1042 502 sacer,
1081 451 1156 494 sed
1193 450 1475 495 hoc'divem
1514 451 1701 497 declina

229 521 410 570 tum.³⁵)
471 517 532 560 De
563 517 714 561 aclisia
750 518 859 575 quod
890 516 1208 561 Choeroboscus
1237 518 1359 570 dicit,
1399 530 1610 562 commune
1640 533 1686 563 es

229 583 439 640 pluribus:
471 579 650 628 ἄκλιτον
682 583 731 628 τὸ
761 587 898 643 μῆχος
936 582 1058 627 καθὰ
1098 583 1172 628 καὶ
1209 584 1258 628 τὸ
1294 579 1402 643 ἦδος
1430 583 1516 628 καὶ,
1539 581 1677 644 ὄφελο

229 649 344 693 Eust.
373 650 476 702 235,
503 651 541 693 7.
585 664 635 694 ac
674 653 711 695 si
748 658 1016 708 superessent
1054 650 1423 694 Grammaticorum
1461 650 1558 694 libri
1598 669 1681 710 περ

231 715 419 760 &natvm
449 716 522 761 καὶ
551 717 787 768 ὁυςκλίτων
817 715 1043 773 ὀνομάτων
1068 717 1142 760 καὶ
1170 715 1375 774 ῥημάτων
1403 719 1602 776 inseripti,
1629 733 1706 762 nu-

230 796 368 826 merus
399 783 510 826 haud
541 784 663 827 dubie
694 791 913 828 cresceret.
971 783 1089 827 Nunc
1119 785 1302 840 suspicio
1332 784 1538 840 quaedam
1577 787 1708 843 serpit

230 850 551 894 inaestimabilis
580 851 630 895 de
663 851 872 902 omnibus,
911 863 1016 907 quae
1046 852 1091 893 in
1127 863 1208 894 uno
1245 856 1400 894 tantum
1422 863 1531 895 casu
1563 859 1634 896 aut
1661 854 1706 896 in

230 931 312 961 uno
342 931 512 962 numero
542 920 770 976 reperimus
807 913 937 975 ὅρος,
977 912 1107 967 ἷίόος,
1145 917 1332 972 βλέπος,
1375 915 1523 973 γάνος,
1561 916 1704 972 δᾶνος,

230 984 440 1039 πρέσβος,
471 982 612 1042 δάκρη
639 999 677 1028 v.
702 984 1003 1029 Schneidewm.
1029 983 1082 1027 ad
1101 982 1214 1027 Eust.
1235 997 1272 1040 p.
1287 983 1356 1037 30.
1387 982 1530 1041 δήνεα,
1558 984 1707 1039 μέζεα,

231 1050 386 1103 πέσεα,
421 1046 548 1104 ὄχεα,
577 1051 770 1104 τέμπεα,
800 1049 957 1109 τήθεα.
980 1054 1048 1104 36)
1106 1049 1157 1094 Et
1182 1051 1394 1107 quaeritur
1414 1064 1509 1094 num
1539 1050 1707 1097 criticis

231 1117 360 1161 liceat
397 1117 503 1160 haec
543 1117 732 1174 exempla
770 1118 970 1161 excedere
1015 1119 1121 1161 sicut
1149 1116 1359 1160 Porsonus
1399 1117 1708 1177 fecitflativum

232 1181 355 1239 γάνει
374 1183 588 1239 Aeschylo
607 1184 793 1227 tribuens
813 1184 962 1239 Agam.
980 1184 1102 1227 1362.
1133 1183 1242 1239 quod
1270 1182 1436 1226 facilius
1458 1185 1709 1228 concedetur

231 1252 276 1294 in
303 1249 522 1294 vocabulis
551 1252 660 1294 raris
691 1258 730 1293 et
759 1252 945 1293 insuetis.
1003 1249 1206 1292 Lehrsius
1235 1250 1278 1292 in
1299 1248 1472 1302 Quaest.
1492 1249 1705 1308 Epp.167.

234 1317 284 1360 de
314 1318 497 1373 genitivo
535 1316 714 1360 θαλέων
751 1317 963 1360 disserens
999 1329 1150 1360 nomen
1185 1314 1350 1367 θάλος,
1386 1316 1457 1360 ubi
1493 1317 1710 1374 vulgarem

233 1384 579 1439 significationem
599 1383 793 1434 obtineat,
816 1382 1113 1426 indeclinabile
1135 1395 1230 1425 esse
1250 1389 1393 1426 censet
1406 1382 1483 1426 sed
1496 1384 1712 1429 θαλέεσσι

233 1451 285 1494 de
314 1451 425 1494 victu
454 1452 591 1507 opimo
622 1458 664 1493 et
703 1450 838 1493 alibili
867 1450 1017 1494 dIctum
1045 1449 1178 1492 videri
1209 1447 1261 1491 cf.
1289 1447 1571 1493 Parall.⁴163.
1629 1450 1710 1496 Pro

231 1517 388 1573 μῆὀος,
418 1517 526 1573 quod
548 1516 703 1560 Suidas
733 1518 858 1574 ponit,
889 1523 1037 1574 poetae
1058 1517 1101 1559 in
1119 1513 1320 1570 singulari
1349 1518 1482 1572 μῆτις
1509 1515 1710 1568 (fixerunt,

233 1583 308 1626 sed
339 1583 521 1626 dativum
542 1582 691 1640 Μήχει
722 1585 782 1642 τῷ
810 1580 1090 1640 μηχανήματι
1119 1580 1274 1625 alicubi
1303 1583 1507 1626 invenerit
1533 1595 1709 1629 necesse

234 1657 319 1702 est3
354 1657 394 1694 et
429 1650 656 1706 singularis
687 1651 816 1708 ὁῆνος
845 1663 962 1701 unus,
993 1651 1030 1692 si
1058 1650 1162 1693 satis
1191 1649 1370 1700 memini,
1399 1650 1518 1692 testis
1549 1657 1613 1693 est
1626 1650 1710 1694 He-

234 1717 415 1772 sychius.
474 1716 651 1761 Nomina
670 1718 712 1760 in
742 1718 943 1761 communi
974 1729 1053 1759 usu
1080 1716 1218 1772 posita
1248 1710 1400 1765 ἄνθος,
1433 1712 1552 1768 ἔθος,
1581 1710 1709 1774 ἦθος,

234 1783 399 1840 reliqua
426 1798 502 1841 per
531 1798 674 1828 omnes
703 1797 827 1827 casus
858 1783 1061 1827 declinari
1091 1787 1265 1833 constat,
1300 1781 1375 1824 sed
1406 1783 1537 1839 κῦρος
1566 1784 1711 1829 immo—

233 1849 319 1893 hsse
351 1857 414 1894 est
444 1857 484 1894 et
513 1852 639 1902 κλέος
673 1865 753 1908 quo
780 1849 1071 1906 Thucydides,
1100 1847 1276 1905 Lysias,
1305 1846 1561 1905 Xenophon,
1589 1849 1708 1895 Plato

236 1923 276 1959 et
308 1916 379 1960 alii
412 1918 455 1960 in
483 1920 670 1961 oratione
705 1930 832 1974 prosa
861 1918 926 1959 usi
955 1922 1069 1967 sunt3
1102 1912 1236 1969 ἓγθος
1251 1914 1518 1971 Thucydides
1541 1919 1708 1974 saepius

237 1982 405 2026 admisit
422 1983 653 2028 Atticorum
684 1991 905 2033 oratorum,
935 1983 1017 2024 nisi
1044 1982 1141 2037 quid
1170 1995 1234 2024 me
1265 1981 1386 2033 fallit,
1413 1982 1542 2026 solus.
1598 1983 1710 2028 Aliis

237 2051 280 2092 in
307 2056 433 2092 totum
464 2049 692 2099 abstinent,
736 2063 906 2106 quorum
935 2048 1135 2090 nonnulla
1166 2049 1386 2103 attigerunt
1414 2049 1654 2093 Atticistae:
1685 2049 1710 2095 ὁ

235 2112 377 2174 ῥύπος
409 2113 543 2171 ἐρεῖς,
586 2114 636 2158 οὗ
666 2114 715 2159 τὸ
756 2113 896 2174 ῥύπος
926 2113 1076 2169 Phryn.
1107 2112 1196 2157 Ecl.
1228 2113 1323 2156 150.
1353 2113 1402 2156 τὸ
1436 2112 1598 2166 σκάτος
1626 2114 1708 2161 ἐπ’

327 2263 389 2308 35)
423 2263 476 2299 Cf.
497 2262 640 2299 Kuehn.
667 2260 803 2309 opusc.
830 2261 932 2297 Med.
950 2262 990 2298 T.
1008 2261 1052 2298 II.
1073 2261 1151 2298 328.
1203 2260 1282 2306 «Τὴν
1303 2262 1566 2310 ἐρυσιπέλαιον
1589 2261 1712 2310 φλόγα

235 2320 350 2356 Pseu.
385 2320 431 2355 de
463 2331 504 2355 re
535 2320 629 2354 med.
655 2331 691 2355 v.
711 2318 789 2354 746.
822 2319 858 2353 in
886 2318 1019 2353 ldeleri
1046 2318 1176 2364 Physs.
1210 2325 1246 2353 et
1270 2317 1398 2354 Medd.
1427 2329 1546 2365 graec.
1581 2318 1608 2354 1.
1631 2318 1711 2356 224.

236 2378 300 2413 τοῦ
325 2377 540 2424 ἔρυσιπέλου
570 2376 712 2412 Pallad.
747 2375 793 2410 de
815 2375 887 2410 Vit.
914 2375 1098 2421 Chrysost.
1132 2386 1166 2420 p.
1186 2373 1263 2410 306.
1298 2374 1340 2410 T.
1363 2373 1457 2409 VIII.
1491 2373 1588 2411 Bibl.
1616 2375 1709 2411 Gall.

237 2444 330 2479 quae
354 2433 390 2468 in
413 2432 520 2469 Thes.
547 2433 691 2468 omissa.

329 2489 390 2533 36)
426 2491 548 2535 Saepe
583 2488 770 2535 pluraliter
810 2486 1004 2523 efferuntur
1035 2497 1126 2532 quae
1161 2486 1258 2531 apud
1292 2497 1361 2521 nos
1397 2485 1593 2532 singularia
1627 2492 1712 2522 sunt

237 2543 362 2590 θάλπη
393 2551 429 2581 et
468 2543 568 2592 ψύχη
600 2544 737 2581 Herod.
764 2543 810 2580 V.
838 2543 890 2578 10.
925 2541 968 2578 τὰ
999 2543 1078 2587 ἒλέη
1111 2542 1229 2578 Sirac.
1254 2540 1386 2577 XVIII.
1416 2553 1452 2578 v.
1475 2542 1507 2576 4.
1541 2540 1584 2578 τὰ
1618 2542 1710 2588 ἔχθη

237 2603 393 2648 Dionys.
415 2602 559 2648 Antiqq.
579 2601 640 2636 III.
659 2601 691 2636 7.
717 2598 760 2636 τὰ
783 2597 894 2644 κάλλη
917 2599 1014 2636 piat.
1039 2596 1082 2634 τὰ
1105 2599 1169 2643 δέη
1194 2598 1282 2644 Lys.
1310 2610 1340 2634 c.
1367 2598 1505 2634 Andoc.
1529 2610 1564 2645 p.
1582 2598 1657 2642 105,
1677 2598 1711 2634 9.

238 2670 305 2704 pro
325 2670 395 2703 quo
416 2659 587 2694 Aelianus
602 2659 668 2694 δία
688 2657 776 2692 dixit
799 2662 837 2691 ut
854 2657 954 2703 κρέα,
977 2657 1069 2703 γέρα
1082 2655 1248 2700 analogia
1263 2655 1384 2692 fallaci
1401 2655 1536 2691 ductus.
1570 2654 1712 2691 Eodem

238 2715 422 2761 pertinent
447 2714 631 2762 epicorum
658 2713 839 2750 vocabula
865 2714 951 2749 κλέα
973 2717 1009 2748 et
1031 2713 1155 2757 μένεα.
