1728 3120
241 217 339 262 146
687 208 1152 253 DISSERTATIO
1199 211 1264 254 Vl.

241 321 419 378 ἐβύνουν
443 321 636 377 scriptum
662 321 874 363 invenisse
904 321 979 364 sed
998 322 1107 378 quod
1136 335 1266 379 nuper
1284 334 1308 365 e
1339 322 1459 367 codd.
1489 322 1713 381 repositufl¹

241 396 304 432 est
341 384 517 442 ἐβύουν,
558 399 692 442 neque
731 386 839 443 apud
876 386 1127 431 Herodotum
1170 385 1474 443 ὄιαβύνεονται
1510 397 1551 434 et
1594 391 1691 443 ἕνδύῑ

241 455 388 498 νέουσι
415 466 453 495 v.
484 451 630 496 Matth.
651 452 832 495 Gramm.
855 452 885 495 Ι.
910 452 1006 496 436.
1046 455 1129 497 nisi
1158 455 1263 498 forte
1292 454 1399 499 haec
1428 457 1593 501 ionicae
1624 458 1715 506 dia.

241 521 350 563 lecto
383 518 660 562 condonanda
688 521 868 570 censuit3
904 520 1062 577 alioqui
1088 521 1197 563 enim
1227 523 1379 565 canoni
1399 524 1535 579 magis
1567 522 1719 571 adven

242 593 386 630 santur
415 598 537 641 quam
566 585 728 638 θυνέω,
758 586 867 642 quod
894 599 1150 643 paronymon
1179 599 1274 630 esse
1304 594 1438 644 potest
1467 601 1494 632 a
1520 592 1661 642 θῦνος
1679 589 1718 648 ἡ

243 651 359 709 ὁρμή
395 658 436 694 ut
466 651 645 707 θρυλέω
681 665 708 697 a
736 653 925 708 θρῦλος,
964 653 1194 708 θυμὲομαι
1229 666 1256 696 a
1283 652 1451 708 θυμός,
1488 655 1717 714 eademqti'

240 720 402 762 ratione
433 717 600 760 defendi
628 717 727 761 licet
758 718 988 763 σινέεσθαι
1018 719 1127 775 quod
1157 719 1264 776 apud
1285 718 1536 765 Herodotum
1565 722 1720 782 legitu'⁴⁸

244 786 412 841 saepius
432 784 509 827 sed
537 796 621 827 non
640 785 730 827 sine
761 784 974 841 multiplici
991 784 1191 828 librorum
1213 785 1476 831 dissensione
1501 795 1541 832 et
1569 789 1723 847 crebrt⁴¹

242 851 430 907 vulgaris
459 850 619 893 formae
642 851 884 894 interventu.
945 850 1031 895 Sed
1054 850 1161 895 haec
1179 855 1394 897 excusatio
1423 867 1507 899 non
1523 857 1718 906 conveni·

243 921 287 961 in
317 919 586 974 βαρυνεῦντα
616 923 656 959 et
684 917 991 972 λεπτυνέοντα,
1023 931 1129 974 quae
1148 917 1290 963 Critici
1310 919 1535 965 Theocrito
1568 917 1723 982 imper-‘g

242 987 418 1028 tiverunt
449 982 724 1038 adstipulante
753 981 966 1028 Dindorfio
1003 986 1045 1027 in
1076 983 1203 1028 Thes.
1228 985 1320 1030 Vol.
1336 986 1383 1029 V.
1407 986 1506 1030 205
1547 988 1622 1031 sed
1650 986 1718 1032 re*

242 1051 386 1109 pudiat
413 1048 657 1104 Bernhardy
695 1049 750 1092 ad
773 1048 948 1114 Dionys.
985 1064 1023 1093 v.
1054 1051 1179 1094 1122.
1212 1066 1298 1100 non
1336 1055 1509 1109 inJuria3
1546 1067 1643 1097 nam
1660 1054 1719 1114 ⁵⁶.

243 1121 422 1163 maximo
450 1116 671 1161 verborum
707 1119 751 1160 in
788 1135 875 1161 υνω
915 1122 1148 1163 exeuntium
1177 1134 1346 1165 numero
1384 1121 1542 1165 nullum
1570 1115 1728 1186 ‹lepre-Q*

242 1186 460 1230 hendimus
488 1183 608 1239 hujus
634 1184 1011 1240 transfigurationis
1040 1187 1290 1245 exemplum,
1329 1201 1463 1245 neque
1490 1189 1637 1240 etiam,
1675 1192 1728 1241 αἱ

245 1266 273 1296 a
299 1251 438 1306 μέλας
463 1249 688 1305 μελανέω,
726 1252 789 1294 sic
818 1264 845 1294 a
869 1250 1010 1309 βαρύς
1036 1254 1235 1310 βαρυνέω
1269 1255 1452 1299 derivari
1480 1257 1611 1312 potuit
1641 1256 1728 1313 set}

244 1319 379 1363 solum
413 1315 590 1373 βαρύνω
629 1323 672 1359 ut
705 1317 933 1375 βραδύνω,
971 1317 1139 1373 ταχύνω
1174 1327 1251 1364 etc.
1284 1334 1359 1372 ac,
1399 1322 1436 1364 si
1474 1334 1550 1378 pro
1583 1319 1728 1374 activtt‘

245 1383 548 1441 significatione
579 1397 682 1464 opus
707 1391 770 1427 est
797 1384 989 1436 neutrali,
1017 1383 1220 1442 βαρύθει),
1251 1384 1509 1444 ἐμβαρύθω.
1558 1387 1619 1432 Τὸ
1649 1390 1728 1454 γᾶς

243 1453 397 1507 γωνεῖν
436 1466 480 1493 οι
509 1446 619 1503 μεθ’
638 1449 839 1507 Όμηρον
868 1451 942 1494 καὶ
976 1447 1038 1502 ὡς
1063 1450 1306 1509 βαρύτονον
1342 1451 1512 1497 ἐὸιλινον
1548 1454 1623 1498 καὶ
1659 1444 1728 1578 «ΛΞ

245 1513 588 1575 περισπώμενον
617 1515 758 1560 Schol.
789 1516 1077 1560 11.X11.337.
1107 1518 1183 1561 sed
1211 1519 1255 1562 id
1284 1532 1446 1577 quoque
1481 1519 1676 1576 ambiguu

246 1585 346 1641 quia
384 1582 617 1637 adjunctum
655 1583 780 1626 habet
817 1597 968 1627 nomen
996 1582 1184 1639 γεγωνός
1219 1585 1400 1629 alienum
1439 1587 1604 1663 qui-dem
1634 1566 1728 1641 ΗυκῖξΙ

244 1662 360 1693 mero
390 1648 466 1691 sed
502 1647 582 1691 hoc
610 1650 779 1705 saepius
816 1663 894 1693 usu
924 1651 1036 1693 venit
1063 1657 1106 1693 ut
1139 1650 1329 1695 derivata
1359 1653 1474 1709 prius
1502 1654 1546 1696 in
1581 1653 1674 1697 luce

245 1721 462 1771 emergant
479 1720 519 1757 et
536 1714 629 1771 plus
649 1717 905 1759 auctoritatis
925 1718 1140 1772 acquirant
1155 1730 1277 1773 quam
1291 1720 1510 1776 primitiva.
1555 1718 1674 1763 Eteni

245 1782 386 1827 δοκέω
415 1794 499 1824 non
517 1780 651 1823 solum
678 1781 804 1837 longe
831 1783 1036 1839 antiquius
1055 1782 1344 1842 celebriusque
1374 1792 1438 1830 est
1454 1799 1577 1842 quam
1607 1784 1716 1854 ὄοκή

245 1851 334 1893 sive
365 1845 509 1898 δοκός,
541 1847 615 1890 sed
647 1854 687 1890 et
714 1848 849 1892 forma
877 1850 1028 1892 evincit
1059 1856 1100 1892 et
1119 1850 1367 1906 significatio
1395 1851 1491 1896 hinc
1519 1852 1623 1896 illud
1651 1865 1673 1895 r
1673 1797 1728 1907 e23

242 1915 460 1972 petendum
489 1926 584 1957 esse
612 1928 695 1958 non
725 1928 752 1958 a
770 1915 898 1958 verbo
928 1915 1125 1969 δέκομαι.
1166 1918 1326 1960 Πενεῖν
1348 1917 1604 1976 πενητεύειν
1617 1914 1728 1976 Heszl

244 1983 282 2024 si
313 1987 508 2024 accentus
540 1987 652 2023 recte
678 1993 724 2023 se
757 1980 894 2028 habet,
926 1982 979 2024 ad
1011 1981 1229 2026 πένεσθαι
1261 1985 1323 2027 sic
1353 1992 1632 2042 comparatum
1654 1977 1728 2043 εαξ

242 2055 286 2091 ut
313 2047 452 2104 ἐρέειν
481 2046 535 2088 ad
567 2044 755 2103 ἔρεσθαι
782 2059 821 2090 v.
853 2047 906 2090 ad
932 2046 1080 2090 Buttm.
1108 2047 1203 2090 166.
1240 2049 1386 2108 ξυρεῖν
1415 2051 1470 2094 ad
1498 2047 1728 2112 ξύρεσθαιξ

244 2114 298 2158 ad
324 2111 768 2169 Α].ρ.181.στερεῖν
798 2113 851 2155 ad
879 2113 1135 2169 στέρεσθαι.
1165 2113 1468 2160 Grammaticus
1495 2116 1632 2160 Herm.
1664 2115 1728 2175 deii]

244 2180 406 2224 Constr.
437 2192 476 2235 p.
501 2177 599 2222 388.
636 2178 778 2235 στέρω
807 2176 1004 2228 ἇττικόν,
1037 2182 1179 2236 στερῶ
1209 2180 1259 2224 δὲ
1295 2180 1461 2226 κοινόν·
1495 2183 1608 2237 μετὰ
1636 2183 1728 2242 μὲνὴ

243 2242 320 2291 οὗν
357 2247 437 2302 τῆς
478 2244 744 2302 προθέσεως
778 2244 829 2288 τὸ
867 2242 1110 2304 βαρύτονον
1147 2244 1198 2290 οὐ
1237 2247 1358 2303 δεῖγ
1333 2246 1540 2307 γράφειν,
1577 2248 1628 2293 τὸ
1668 2247 1728 2325 (5353

243 2308 585 2370 περισπώμενον
619 2311 788 2364 μᾶλλον
817 2308 1007 2363 nemancos
1032 2305 1128 2355 οἷον
1156 2308 1393 2370 ἀποστερῶ
1422 2314 1498 2359 καὶ
1527 2313 1728 2373 cenom&

243 2381 408 2459 ροῢμαι
449 2391 488 2421 v.
531 2378 585 2421 ad
620 2376 767 2419 Buttm.
799 2378 898 2420 293.
931 2391 991 2434 sq.
1045 2376 1204 2421 Eodem
1245 2383 1418 2436 pertinet
1459 2374 1728 2426 homericum-3

243 2441 422 2525 ὀρέοντο
468 2445 504 2486 si
547 2443 828 2500 imperfectum
873 2450 936 2487 est
972 2446 1203 2501 praesentis
1247 2461 1438 2504 ορονται.
1495 2445 1630 2504 Λίρω
1676 2437 1728 2506 et}

244 2508 380 2567 αἱρέει)
403 2511 590 2567 quamvis
620 2510 786 2554 diverso
810 2512 955 2568 spiritu
983 2517 1023 2554 et
1050 2511 1352 2566 significatione
1379 2519 1518 2557 tamen
1539 2512 1728 2567 naturae}

242 2590 350 2620 nexu
379 2577 574 2634 copulata
590 2583 697 2620 sunt.
752 2576 979 2620 Verborum
1009 2577 1233 2620 dentalium
1256 2579 1456 2637 pleraque
1485 2586 1624 2624 notum
1650 2587 1728 2640 esti}

243 2651 409 2700 propter
435 2656 645 2688 consonae
669 2637 1034 2688 characteristicae
1061 2647 1374 2701 repugnantiam
1392 2646 1530 2690 futura
1558 2661 1584 2690 a
1614 2641 1728 2691 cons}

238 2711 454 2764 jugatione
479 2711 756 2766 perispastica
780 2711 955 2754 mutuari
974 2706 1175 2767 ἆλθήσω,
1204 2709 1381 2768 διζήσω,
1411 2710 1602 2770 κηδήσω,
1631 2730 1719 2758 ma:

243 2774 434 2831 τήσομαι
476 2784 516 2819 et
557 2776 758 2819 interdum
807 2775 1156 2820 circumflexorum
1200 2784 1384 2834 tempora
1427 2779 1599 2836 obliqua
1647 2774 1728 2843 sici-g
