1728 3120
209 206 308 251 268
639 195 1089 239 DISSERTATIO
1133 195 1244 239 XVI.

208 313 289 366 μὲν
320 309 493 361 ἀξιοῦσι
525 310 751 366 περισπᾷν
785 305 846 358 ὥς
874 304 986 364 αὐλῆ
1025 308 1099 351 καὶ
1133 304 1270 364 αὐὸῆ·
1309 307 1490 363 λέγομεν
1517 308 1567 353 δὲ
1603 308 1677 352 ὅτι

211 375 263 421 οὐ
288 374 494 419 δύναται·
535 372 639 417 οὐδὲ
677 373 762 429 γὰρ
798 373 847 416 τὸ
885 374 1004 431 ῥῆμα
1044 371 1160 417 ἔστιν
1196 370 1341 425 αὐξιῢ·
1378 373 1450 416 ubi
1481 381 1676 419 accentus

208 442 425 486 verborum
462 437 603 492 αὐξῶ,
646 437 787 491 αὐλιῦ,
829 435 953 483 αὐδῶ
988 439 1151 482 librarii
1188 441 1412 483 memoriae
1447 439 1676 485 inhaerens

208 508 432 551 translatus
474 513 538 549 est
570 507 623 549 ad
661 509 843 549 nomina.
902 505 989 549 Sed
1027 513 1066 549 et
1104 502 1215 564 αὐλή
1245 506 1442 550 mendose
1481 509 1675 565 scriptum

207 589 280 632 pro
312 571 421 630 αὐγή
451 573 519 616 vel
554 569 664 629 αὐχή
694 572 791 616 Hes.
821 585 915 615 nam
954 573 1059 618 haec
1089 580 1199 616 certe
1232 573 1434 629 colligata
1461 581 1555 617 sunt
1583 587 1676 618 cum

207 641 347 684 verbis
377 638 649 683 circumflexis
689 637 810 695 αὐγιῦ
839 646 878 682 et
915 636 1051 693 αὐχῶ,
1092 646 1131 683 et
1168 639 1331 683 fuerunt
1367 640 1511 697 procul
1549 641 1676 685 dubio

208 710 276 764 qui
307 707 403 750 hinc
442 707 630 750 derivata
667 707 870 757 dicerent,
910 706 983 748 sed
1021 703 1131 763 αὐλή
1158 706 1274 750 nullo
1308 707 1431 751 modo
1462 706 1515 750 ab
1554 703 1677 750 αὐλιῢ

209 775 391 818 derivari
410 774 550 831 potuit,
582 773 688 829 quod
719 786 800 816 non
820 778 980 815 constat
1005 785 1180 829 unquam
1200 786 1273 830 pro
1302 769 1537 827 αὐλίζομαι
1557 786 1677 817 usur—

207 847 345 898 patum
372 854 488 891 esse,
529 853 607 883 nec
640 837 750 895 αὐλή
785 853 859 896 pro
900 834 1090 895 αὔλησιςι
1115 839 1294 895 legimus
1330 841 1413 883 nisi
1451 840 1560 897 quod
1597 838 1675 883 Od.

207 906 263 950 X.
291 907 331 949 8.
365 907 494 959 ὁιῦμα
523 905 923 963 περιστοναχίζεται
955 903 1067 963 αὐλῇ
1098 907 1359 963 interpretum
1387 906 1575 950 nonnulli
1604 919 1677 950 ac-

209 979 403 1030 ceperunt
431 986 505 1029 pro
538 970 735 1030 αὐλήσει.
794 971 869 1015 Ille
896 973 1022 1027 igitur
1044 979 1169 1027 negat
1198 986 1249 1016 ex
1273 975 1327 1017 eo'
1355 973 1466 1030 quod
1493 970 1607 1030 αὐδή
1637 979 1678 1016 et

208 1037 320 1096 αὐγή
350 1039 417 1082 vel
447 1036 556 1096 αὐχή
586 1039 770 1081 ultimam
801 1045 962 1081 acutam
990 1038 1182 1089 habeant,
1212 1041 1456 1083 necessario
1479 1041 1678 1096 consequi

207 1114 249 1149 ut
284 1102 393 1162 αὐξή
424 1105 650 1156 scribatur,
690 1117 785 1146 nam
816 1101 934 1155 αὐξῶ
967 1118 1049 1148 non
1089 1105 1171 1149 dici
1200 1112 1243 1148 ut
1277 1103 1398 1149 αὐδῶ
1435 1106 1510 1149 sed
1541 1101 1676 1158 αῗίξω.

207 1172 273 1216 Ab
307 1171 386 1215 hoc
420 1169 529 1229 αὐξή
569 1172 751 1214 derivari
785 1172 968 1227 potuisse
1006 1184 1088 1214 non
1130 1178 1276 1227 negat,
1315 1173 1480 1229 opinor,
1521 1185 1616 1215 nam
1649 1185 1677 1216 a

206 1239 345 1282 verbis
365 1238 579 1293 barytonis
604 1237 780 1294 plurima
799 1237 902 1280 talia
921 1244 1158 1288 nascuntur,
1185 1238 1259 1281 sed
1278 1237 1358 1282 hoc
1381 1239 1503 1284 modo
1522 1245 1677 1296 pugnat

206 1319 291 1349 non
319 1306 604 1349 necessariam
632 1316 726 1346 esse
749 1304 1006 1358 oxytonesin.
1064 1303 1199 1360 Vulgo
1220 1306 1341 1356 enim,
1366 1312 1410 1349 ut
1434 1305 1503 1350 vel
1521 1307 1677 1349 nostris

208 1386 260 1416 ex
287 1372 407 1414 libris
436 1383 697 1431 cognoscere
719 1383 952 1427 possumus,
982 1366 1093 1426 αὔξη
1114 1370 1373 1414 scribebatur
1401 1378 1443 1415 ut
1470 1369 1605 1429 λήθη,
1635 1378 1678 1416 et

205 1452 341 1495 pauca
371 1438 458 1482 alia
487 1437 716 1481 verbalium
748 1437 1000 1493 spondaicae
1031 1450 1262 1481 mensurae.
1318 1437 1394 1482 His
1434 1445 1572 1483 tamen
1601 1438 1675 1482 ille

205 1519 289 1549 non
316 1507 439 1548 utitur
467 1504 542 1547 sed
562 1504 897 1547 consuetudinem
919 1504 1101 1547 defendit
1125 1505 1326 1561 analogia
1343 1518 1497 1557 eorum,
1526 1505 1676 1562 quibus

206 1572 353 1615 eadem
371 1571 633 1627 germinandi
661 1577 699 1613 et
718 1570 1012 1627 procrescendi
1040 1572 1153 1614 notio
1177 1571 1319 1615 subest
1342 1573 1560 1628 conjuncta
1583 1585 1675 1616 cum

204 1638 613 1696 paraschematismo.
671 1637 798 1679 Addit
829 1638 958 1679 enim:
991 1637 1172 1692 λέγομεν
1203 1633 1277 1682 οὐν
1306 1637 1378 1682 ὅτι
1407 1637 1508 1696 τρία
1536 1640 1676 1682 ταῦτα

204 1702 371 1759 ὁμοίως
400 1704 572 1759 λέγεται
601 1699 734 1759 αἷῖξη,
769 1701 937 1761 βλάστη
971 1703 1046 1749 καὶ
1082 1700 1219 1761 ὐῖνθη,
1262 1701 1363 1748 ἐπεὶ
1391 1702 1677 1761 παρεσχημά-

203 1787 349 1815 τισται
377 1767 528 1821 αὐτοῖς
557 1765 749 1826 αὔξησις,
778 1767 1029 1826 βλάστησις,
1060 1766 1260 1827 &vanata
1323 1770 1410 1814 Τὸν
1438 1766 1570 1814 αὐτὸν
1599 1765 1676 1814 οὖν

207 1837 295 1889 ἕξει
316 1834 443 1880 τόνον
466 1834 517 1880 οὐ
532 1834 852 1894 περισπώμενοι
871 1833 1148 1892 (ὀξυνόμενα)
1173 1833 1277 1880 ἀλλ’
1311 1833 1674 1892 ἂναβιβαζόμενα.

206 1903 347 1946 Aliam
392 1911 586 1947 accentus
622 1905 823 1946 rationem
859 1903 982 1945 tradit
1012 1902 1304 1959 Theognostus
1335 1902 1470 1946 Cram.
1498 1902 1548 1945 ΙΙ.
1579 1903 1674 1947 116.

203 1969 253 2012 τὸ
286 1966 395 2025 αἷίξη
427 1968 566 2021 οἱμὲν
594 1967 835 2023 βαρύνουσι
863 1968 1058 2022 λέγοντες
1088 1966 1177 2012 ἀπὸ
1210 1971 1288 2026 τῆς
1307 1965 1531 2027 αὐξήσεως
1560 1966 1676 2014 ἄπο-

205 2032 443 2091 κεκόφθαι,
475 2034 663 2090 quodque
692 2035 858 2089 saepius
885 2031 994 2090 δόκη
1025 2037 1216 2091 scriptum
1240 2036 1446 2077 invenitur
1469 2049 1543 2092 pro
1565 2035 1672 2093 δοκή

203 2108 243 2144 et
270 2098 385 2156 μύκη
414 2114 454 2142 v.
484 2099 708 2141 Wellauer.
740 2099 793 2141 ad
821 2099 1093 2156 Apollon.lV.
1111 2099 1233 2143 1285.
1263 2102 1407 2144 nescio
1441 2114 1494 2144 an
1521 2103 1573 2144 iis
1601 2103 1674 2145 tri-

201 2167 407 2210 buendum
439 2167 492 2209 sit
526 2167 594 2221 qui
622 2165 727 2208 haec
764 2177 814 2211 ex
845 2163 1025 2221 δόκησις
1058 2173 1098 2209 et
1133 2164 1319 2223 μύκησις
1357 2172 1448 2214 orta
1474 2174 1674 2224 putarent.
1708 2211 1723 2216 „

202 2233 295 2277 Non
326 2233 487 2276 alienus
508 2239 617 2275 certe
642 2231 762 2286 huJus
791 2234 1020 2275 sententiae
1041 2231 1294 2276 Schaeserus
1315 2233 1402 2284 fuit,
1432 2234 1500 2290 qui
1518 2231 1672 2290 βόσκη,
1705 2243 1728 2293 ’-

202 2314 286 2343 non
314 2313 413 2343 vero
441 2297 580 2356 βοσκή
619 2298 879 2341 scribendum
906 2305 1036 2355 putat,
1074 2301 1172 2355 quia
1206 2298 1286 2342 hoc
1321 2298 1430 2342 idem
1470 2299 1674 2355 significet
1709 2339 1711 2341 ,

203 2366 312 2423 quod
340 2364 553 2421 βόσκησις
583 2365 636 2407 ad
666 2363 807 2407 Schol.
828 2364 964 2421 Apoll.
995 2379 1032 2422 p.
1053 2366 1148 2409 257.
1181 2365 1403 2421 ubi'quum
1433 2365 1672 2422 analogiam

204 2433 284 2476 hoc
301 2445 474 2489 poscere
500 2432 609 2481 dicit,
639 2434 683 2473 in
714 2433 850 2474 animo
872 2430 1070 2474 habuisse
1086 2432 1247 2475 videtur
1271 2434 1438 2476 nomina
1455 2435 1670 2488 barytona,

205 2513 376 2556 quorum
402 2500 635 2541 terminatio
653 2498 816 2555 duplex,
846 2498 1094 2553 significatio
1112 2498 1257 2541 eadem
1275 2505 1350 2550 est,
1379 2500 1527 2556 partim
1546 2498 1671 2555 bary-

201 2574 300 2610 tona
321 2561 404 2621 ὐέλη
425 2561 593 2620 ἄλησις,
625 2562 823 2623 ἑξαπάτη
843 2561 1124 2621 ἕξαπάτησις,
1154 2563 1301 2621 ἒμπύη
1324 2562 1553 2622 ἒμπύησις,
1582 2565 1671 2609 θέα
1699 2604 1714 2626 ⁴·

202 2633 381 2684 θέασις,
420 2629 531 2685 λάλη
568 2628 771 2685 λάλησις,
807 2630 968 2687 μελέτη
1002 2630 1251 2686 μελέτησις,
1291 2628 1421 2687 πιάλη
1458 2628 1728 2689 πώλησιςηῖ4

201 2695 346 2752 χάσμη
374 2696 611 2752 χάσμησις,
653 2709 751 2752 pars
781 2703 981 2751 oxytona,
1009 2693 1128 2752 ’ἆλγή
1167 2694 1367 2752 ὐέλγησις,
1402 2694 1486 2752 βοή
1515 2694 1671 2752 βόησις
1695 2720 1716 2730 „

204 2763 408 2807 Plutarch.
455 2763 505 2806 de
545 2761 731 2819 Superst.
769 2777 803 2806 c.
833 2761 927 2806 XII.
967 2761 1017 2805 T.
1045 2761 1150 2805 VIII.
1196 2757 1279 2819 ἠχή
1321 2758 1497 2819 ἤχησις,
1540 2759 1719 2827 710&ny
