1708 3126
1628 0 1686 98 'l

1644 73 1685 124 ἔν’

1652 126 1688 159 Μ

222 206 289 254 64
675 197 1120 244 DISSERTATIO
1165 199 1235 244 Ill.

223 384 366 426 τυκεῖν
403 379 544 430 τυχεῖν
580 376 632 418 ab
674 376 820 419 eodem
853 378 1055 434 principio
1095 392 1194 422 orsa
1231 381 1274 422 in
1303 381 1414 424 exitu
1440 380 1636 440 disci-epa
1683 373 1686 381 “

220 451 343 494 Alias
363 446 532 491 asciscit
553 458 779 488 consonam
797 446 1055 502 expletivam‚
1085 439 1203 491 vel-v—
1217 445 1375 501 δάκνω,
1403 449 1472 494 vel
1489 440 1617 495 ἷτίκ

220 518 367 562 πέκΐω
404 518 523 571 Pecto
563 519 603 555 θῑ
636 526 688 555 ex
728 525 884 568 graeco
912 513 1060 558 πλέκω
1089 515 1224 571 plecto
1256 521 1296 558 et
1326 515 1437 573 plico
1464 530 1504 561 v.
1534 515 1595 561 Pa
1690 509 1693 555 2

220 584 338 634 103.‚
380 580 455 624 sed
484 578 772 635 homonymum
795 579 998 637 plectere,
1039 581 1148 637 quod
1174 583 1219 624 in
1249 585 1421 639 passivo
1457 582 1542 627 dici
1570 584 1636 628 sol
1687 573 1693 631 s

218 650 412 694 Vossium
437 652 547 689 recte
580 646 633 688 ad
661 646 816 704 πλήγω
840 647 999 690 referre
1028 649 1230 692 existimo.
1289 647 1438 705 Sigma
1459 646 1693 847 charact}

1652 156 1685 217 1,

223 316 370 360 mutari
405 323 529 368 posse
570 309 622 352 cf.
652 308 830 353 Ellendt.
860 309 965 354 Lex.
997 310 1125 368 Soph.
1150 312 1179 354 Ι.
1212 312 1308 355 323.
1363 310 1416 356 Et
1444 314 1682 634 raffolt}

220 716 491 772 antepositum
520 719 682 756 veteres
715 726 741 756 a
770 713 904 756 futuro
933 720 1106 756 sumtum
1133 721 1275 771 putant
1304 715 1444 774 kappa
1472 730 1549 774 per
1574 718 1643 776 ple
1691 729 1695 777 j

216 795 405 827 nasmum
436 779 597 830 addito,
638 780 713 823 sed
742 780 888 836 eodem
912 781 1004 835 jure
1045 781 1238 825 contendi
1266 783 1414 839 poterit
1441 782 1621 842 θνήσκω
1659 838 1662 843 ¹
1693 820 1695 824 .

218 851 305 895 alia
332 848 376 891 id
405 860 536 902 genus
559 848 695 901 sigma
723 846 1023 903 pleonasticum
1050 846 1206 891 habere
1227 854 1267 891 et
1294 848 1434 906 kappa
1458 863 1485 893 a
1506 852 1622 908 perse

218 918 445 960 derivatum
492 913 546 955 ad
582 913 746 956 modum
789 915 1066 969 praesentium
1112 927 1461 969 syracusanorum
1502 918 1626 975 πέφυ
1693 930 1696 933 ’

220 993 295 1029 etc.
328 989 396 1027 aut
434 983 558 1024 etiam
588 988 800 1038 utramque
839 982 1003 1025 literam
1035 985 1326 1041 impositiciam
1355 998 1452 1029 esse
1479 993 1523 1030 ut
1549 979 1613 1032 ἦ
1659 983 1694 1045 α’

219 1052 392 1102 ὁύπτω,
430 1041 506 1095 Ε
539 1053 581 1093 in
613 1050 843 1106 βιβάσθω,
882 1054 1064 1107 exceptis
1102 1054 1155 1095 iis
1194 1066 1301 1110 quae
1337 1055 1478 1112 kappa
1508 1057 1653 1112 natium

215 1121 372 1165 habere
402 1124 562 1162 constat
590 1124 632 1160 ut
661 1116 855 1171 δείκνυμι
898 1125 938 1161 et
967 1116 1271 1173 δειδίσκομαι,
1308 1133 1541 1179 quanquam
1570 1117 1673 1180 hujj'

217 1199 378 1245 quoque
412 1191 577 1240 etymon
600 1184 748 1227 vocale
775 1184 961 1228 indicare
991 1185 1153 1229 videtur
1182 1185 1279 1229 Sch.
1310 1185 1388 1230 Od.
1416 1187 1484 1231 vl.
1509 1188 1608 1234 242.
1659 1188 1671 1193 ’

219 1254 349 1298 ὂέατο
387 1248 483 1295 ἀντὶ
519 1252 596 1294 τοῦ
627 1247 773 1294 ἐδόκει
802 1247 894 1295 ἀπὸ
925 1254 1006 1295 τοῦ
1042 1251 1128 1296 δέω
1159 1248 1286 1296 ὄεύω.
1306 1256 1376 1308 ²⁷)
1430 1253 1521 1300 Hoc
1548 1263 1591 1300 ut
1620 1270 1674 1311 83

217 1325 347 1364 meret
384 1318 551 1361 adduxit
595 1330 687 1359 eum
726 1317 918 1372 adjectivi
965 1314 1146 1370 ἇδευκές
1182 1320 1466 1377 interpretatio
1501 1322 1628 1379 vulga
1652 1322 1690 1365 ,’

217 1384 446 1442 ἀδόκητος.
505 1382 637 1427 Nobis
658 1384 761 1426 satis
793 1391 856 1427 est
886 1385 984 1437 δέω,
1016 1387 1082 1428 cui
1110 1387 1338 1442 proximum
1355 1389 1545 1444 ponimus
1573 1389 1692 1450 deuj-

215 1465 378 1497 manum
408 1450 607 1508 protendo
631 1449 700 1492 vel
735 1450 788 1493 ad
819 1451 978 1503 δεῖξιν,
1007 1452 1077 1495 vel
1104 1452 1158 1495 ad
1186 1451 1410 1506 δεξίωσιν,
1437 1454 1506 1498 vel
1535 1455 1590 1499 ad
1626 1451 1654 1500 f
1689 1471 1691 1474 ⁴

217 1520 294 1572 ξιν,
324 1518 431 1561 unde
459 1517 665 1560 translata
694 1524 786 1559 sunt
815 1515 937 1569 δόξα,
968 1519 1084 1574 quus
1113 1519 1408 1575 significationi
1435 1519 1702 1567 homeric

215 1586 346 1630 ὁέατο
378 1585 498 1640 quasi
524 1583 710 1640 prolusit,
737 1590 776 1626 et
805 1584 1065 1638 προςδοκία.
1123 1584 1400 1640 Δεδίσκομαι
1427 1600 1548 1642 vero,
1578 1566 1688 1646 quil

212 1652 450 1709 plerumque
479 1648 740 1703 ὁεόίσσομαι
763 1649 957 1693 scribitur
976 1653 1044 1704 ²⁸)
1071 1652 1162 1695 veri
1186 1652 1364 1696 similius
1387 1660 1451 1697 est
1480 1666 1508 1698 a
1534 1632 1689 1710 dions!

214 1720 413 1762 extitisse.
466 1715 625 1759 'E'i‘onco
666 1717 754 1759 sive
792 1713 903 1760 ἴσκω
941 1717 1255 1773 significationis
1293 1732 1423 1763 causa
1459 1722 1595 1777 magis

215 1783 319 1828 εἴκω
358 1781 557 1836 (εἰκάζω)
596 1782 790 1834 inclinat3
831 1796 908 1826 nec
952 1791 1091 1827 tamen
1123 1785 1403 1842 improbamus
1437 1785 1577 1832 Schol.
1608 1785 1671 1831 Oi

212 1848 330 1893 XIX.
359 1849 456 1891 203.
496 1846 593 1892 ἴσκε
631 1845 723 1891 ἀπὸ
763 1851 840 1892 τοῦ
879 1847 994 1893 εἴδω.
1054 1849 1160 1893 Nam
1200 1853 1236 1895 si
1267 1865 1294 1895 a
1335 1855 1469 1911 capite
1505 1866 1670 1902 arcess

212 1930 320 1967 mus,
352 1913 587 1968 εἵσασθαι,
619 1913 829 1963 ἑοικέναι,
859 1910 976 1966 ἶσος,
1014 1914 1162 1969 ἴκελος
1190 1919 1278 1962 sive
1309 1917 1478 1972 εἴκελος
1509 1927 1558 1977 etv
1578 1919 1673 1978 qun?
1704 1947 1705 1950 =

211 1983 248 2026 J.
280 1982 476 2037 Scaliger
511 1980 607 2023 huic
648 1988 860 2037 comparat
898 1995 1077 2037 aequm,
1117 1997 1304 2041 quaeque
1336 1985 1433 2030 hinc
1470 2000 1658 2030 manar·
1703 1996 1707 2041 <j

211 2049 402 2105 syntheta
430 2045 602 2104 ἀεικής,
634 2043 806 2105 ἀειδής,
837 2044 1005 2100 ἆϊδνός,
1037 2047 1256 2104 ἇείδελος,
1287 2047 1481 2108 ἀΐδηλος,
1511 2060 1595 2096 tam

210 2115 300 2159 mili
329 2116 435 2157 inter
471 2126 516 2156 se
556 2121 649 2156 sunt
686 2114 827 2157 colore
857 2121 899 2157 ut
934 2117 1055 2158 unius
1094 2119 1219 2172 etymi
1258 2124 1582 2175 temperamenta

210 2183 384 2226 deantur
426 2180 564 2237 kappa
602 2187 641 2223 et
687 2180 800 2224 delta
843 2181 1156 2226 alternantibus.
1178 2185 1245 2238 ²⁹)
1305 2182 1444 2243 Trope
1474 2185 1681 2235 vocalius

300 2326 361 2371 ⁸27)
386 2326 454 2361 Hic
476 2326 512 2361 in
536 2327 744 2361 memoriam
761 2327 942 2363 incurrunt
962 2327 1238 2364 obscurissimae
1249 2328 1420 2376 Hesychii
1442 2329 1588 2376 glossae
1597 2334 1650 2366 M
1655 2323 1681 2379 -ῄ’

210 2384 391 2420 ταδέῦσαν
425 2381 643 2428 μετάνοιαν,
676 2381 856 2428 Μεταδήα
884 2386 1120 2431 μεταμελέτη.
1166 2385 1312 2421 Numne
1347 2386 1411 2421 suit
1436 2388 1649 2424 Μεταδεῦσ
1672 2387 1697 2423 ²]

207 2441 438 2487 μετανοῆσαν
462 2441 515 2483 (ut
539 2438 745 2482 μεταδόξαν
769 2446 805 2474 et
827 2439 1052 2488 μεταμέλον)
1076 2441 1271 2487 Μεταδηῖα
1294 2439 1542 2488 μεὶαμέλειαῗ
1668 2476 1669 2479 ,

300 2495 361 2540 28)
390 2496 616 2540 Δεδίσκομαι
640 2496 748 2530 Arist.
774 2495 862 2542 Lys.
880 2497 960 2534 564.
984 2496 1141 2543 Mastby,
1166 2498 1250 2542 quia
1275 2498 1360 2534 alibi
1382 2510 1456 2534 non
1479 2499 1621 2546 legitur,
1655 2515 1675 2538 ι,

208 2553 427 2598 δεδίσσομαι
453 2557 584 2594 mutat3
619 2552 654 2586 in
678 2552 723 2588 H.
749 2551 793 2587 H.
817 2554 855 2588 in
878 2553 997 2589 Mero.
1025 2552 1101 2588 163.
1127 2565 1150 2589 a
1177 2553 1317 2589 Criticis
1341 2555 1478 2591 illatum
1502 2562 1580 2600 est,
1613 2567 1699 2607 ¹¹²3

207 2609 337 2655 legitur
360 2607 464 2643 Stob.
489 2606 569 2643 Ecl.
594 2607 660 2643 Ph.
677 2607 703 2642 l.
735 2607 786 2644 12.
815 2609 909 2645 unde
932 2606 1166 2645 Heindorfius
1189 2611 1329 2656 profert
1352 2611 1400 2646 ad
1412 2611 1509 2648 Plat.
1520 2611 1638 2647 Phae
1666 2608 1677 2617 ⁴'

207 2678 243 2711 p.
273 2664 351 2699 ⁶245.
375 2663 424 2700 Β.
1650 2669 1677 2679 “’

298 2720 358 2764 29)
392 2723 544 2769 Σφαίρῃ
574 2721 741 2768 ἕείὸομαι
775 2734 842 2768 pro
875 2723 976 2777 {oc->gc
1003 2723 1113 2758 Anth.
1145 2722 1243 2760 XIV.
1271 2723 1327 2760 58.
1364 2721 1464 2760 ῖκῐὸν
1495 2721 1535 2759 τὸ
1567 2722 1606 2758 ἔο
1636 2727 1665 2754 11‘:

209 2777 368 2824 Theogn.
388 2778 441 2821 15,
467 2778 522 2816 32.
548 2775 628 2820 ἶσος
643 2780 735 2820 τινὲς
758 2779 818 2816 διὰ
844 2781 903 2823 τῆς
925 2793 958 2817 ει
979 2780 1062 2819 ἀντὶ
1079 2783 1143 2819 τοῦ
1170 2779 1295 2828 ὅμοιος
1312 2782 1393 2819 ἐπεὶ
1405 2782 1468 2818 καὶ
1489 2777 1618 2828 εἷσάμε
1649 2799 1680 2835 ¹2:
