1728 3120
322 176 427 221 CAr.
459 177 511 222 Π.
568 176 640 221 DE
670 176 868 222 VERBIS
899 175 1268 222 DENTALIBUS.
1437 181 1538 228 225

78 339 101 352 ,-
145 299 151 330 ῖ
209 289 308 334 456.
338 294 507 336 atticum
531 299 642 336 certe
672 305 755 335 non
782 299 867 343 est;
899 289 1185 349 αὖτοχειρίζω
1214 290 1265 335 τὸ
1294 291 1422 350 παρὰ
1456 296 1538 337 Φι-

29 360 30 363 ’
56 350 75 373 r·
104 367 137 415 ;ᾗ
155 375 192 417 ῳ
217 358 482 418 παμμίαρον
509 358 615 403 Poll.
645 357 696 401 ll.
727 360 820 403 154.
853 359 1083 417 φαυλίζειν
1115 356 1263 410 εἴποις
1299 356 1382 404 οὐκ
1414 356 1537 405 εὖτε-

58 421 78 438 ”
120 442 195 470 ·ιν
223 424 372 470 Thom.
413 426 561 484 quibus
592 426 805 484 aliquanto
833 429 1053 483 graviores
1081 440 1159 470 nec
1182 433 1321 470 tamen
1351 441 1536 473 summae

88 520 112 541 ,ι
151 493 315 538 oritatis
352 501 482 539 testes
520 493 674 538 habent
715 491 989 551 εὐτρεπίζειν
1025 502 1065 537 et
1103 491 1423 553 ἐξευμαρίζειν,
1460 496 1538 540 sed

63 560 66 563 ’
95 560 290 606 11·dhuic
319 576 372 606 ex
399 569 574 607 naturae
599 563 746 606 ordine
773 563 979 606 antecedit
1004 559 1226 619 εὐμαρίζω
1256 564 1536 608 tantummodo

74 627 75 630 ’
108 627 164 672 ud
193 630 422 687 scriptores
455 630 772 675 ecclesiasticos
799 632 1020 689 reperitur,
1061 632 1150 674 sive
1177 629 1220 672 id
1251 643 1362 674 casuv
1383 631 1538 676 factum

28 731 29 734 η
80 702 121 745 vt
146 697 236 741 sive
264 697 437 742 arbitrio
462 698 642 756 quodam
672 698 983 743 consuetudinis
1013 699 1276 756 imperiosae.
1337 697 1425 743 Sed
1453 714 1538 744 non

63 768 189 808 'enea
231 764 417 822 eiusdem
452 767 622 822 generis
655 766 764 823 apud
790 768 908 823 ipsos
945 767 1096 810 atticae
1131 765 1394 824 eloquentiae
1424 769 1538 826 prin-

60 826 168 876 Mes
195 832 390 890 leguntur
419 829 643 893 ἅφανίζω,
674 833 923 893 ἐμφανίζω,
960 830 1289 887 αὖθαδίζομαι,
1327 831 1537 892 εὖηθίζο-

95 917 146 950 ι,
172 895 430 959 εὗτρεπίζω,
461 898 685 956 εὖμενίζω,
714 900 990 959 σωφρονίζω.
1033 899 1152 944 Nunc
1177 901 1231 944 ad
1256 900 1448 946 verbalia
1470 917 1535 947 me

64 988 91 1005 *ι
116 990 119 1005 ·
149 981 278 1013 eram.

148 1047 201 1103 δ.
229 1047 271 1092 4.
328 1046 482 1092 Horum
519 1049 645 1104 igitur
681 1047 793 1092 bona
830 1060 929 1105 pars
970 1048 1100 1090 oritur
1136 1059 1163 1089 a
1204 1045 1444 1103 barytonis:
1486 1049 1535 1093 ἐκ

77 1116 133 1159 οῦ
161 1111 257 1159 ἔθω
283 1112 447 1170 γίνεται
477 1114 639 1169 ἐθίζω,
671 1112 732 1166 (ὃς
761 1112 884 1159 ἔλπω
917 1113 1082 1168 ἐλπίζω
1112 1112 1208 1157 ΕΜ.
1239 1116 1337 1166 319,
1367 1116 1407 1159 6.
1440 1113 1533 1161 ἀπὸ

52 1182 129 1257 ..οὗ
163 1178 308 1238 αλέγω
346 1180 614 1240 παράγωγον
638 1180 845 1263 ἀλεγίζω
884 1181 962 1234 58,
1003 1181 1072 1225 46.
1122 1178 1214 1226 ἀπὸ
1260 1186 1339 1227 τοῦ
1385 1181 1533 1240 ερέθω

52 1247 241 1302 ῗὲτιεθίζω
268 1249 366 1303 370,
394 1250 464 1294 52.
504 1249 553 1295 ἐκ
580 1252 660 1296 τοῦ
697 1247 890 1304 στενάχω
921 1248 1156 1304 στεναχίζω
1190 1248 1306 1294 Eust.
1339 1251 1533 1303 180,13.

67 1338 91 1357 ’κ
135 1314 367 1362 ὅπλεσθαι
395 1315 693 1376 πρωτότυπον
721 1319 802 1362 τοῦ
831 1314 1103 1371 ὁπλίζεσθαι
1135 1317 1258 1369 1178,
1285 1319 1354 1362 36.
1385 1319 1461 1363 sed
1494 1327 1535 1363 et

78 1396 131 1429 oc
158 1383 212 1428 ab
241 1384 329 1430 alio
369 1387 574 1445 principio
603 1384 746 1430 ὅπλον
774 1387 904 1443 repeti
933 1392 1068 1443 potest
1098 1393 1140 1429 et
1169 1385 1306 1440 ἐθίζω
1335 1386 1389 1430 ab
1421 1384 1533 1440 ε’θος

23 1430 131 1496 lan
158 1452 328 1510 longius
355 1453 482 1498 distat
518 1466 641 1512 quam
671 1453 724 1498 ab
760 1453 1015 1498 obsoletiore
1047 1452 1164 1503 ε’θω,
1207 1454 1437 1512 eademque
1468 1462 1534 1499 est

18 1494 55 1581 ³²⁵<
89 1541 105 1559 ει
128 1522 300 1578 ·iguitas
336 1521 556 1566 verborum
586 1521 773 1576 λεπίζω,
816 1523 883 1565 cui
912 1520 1084 1564 Photius
1123 1520 1295 1576 λοπίζω
1334 1522 1531 1580 praefert,

22 1587 222 1644 εμίζω,
251 1587 468 1644 βαπτίζω,
499 1589 697 1646 πνιγίζω,
728 1588 904 1646 κληΐζω,
932 1587 1109 1644 χρηΐζω,
1140 1602 1236 1632 nam
1255 1588 1321 1633 his
1342 1598 1383 1634 et
1400 1590 1534 1635 verba

62 1657 188 1700 cina
215 1663 310 1700 sunt
335 1655 488 1709 λέπω,
517 1657 658 1714 γέμω,
691 1654 862 1712 βάπτω,
893 1654 1057 1710 πνίγω,
1089 1656 1213 1705 κλέω,
1240 1657 1357 1715 χρέω
1387 1665 1427 1702 et
1455 1671 1533 1702 no-

62 1725 163 1768 ina
202 1723 362 1776 λέπος,
403 1724 556 1781 γέμος,
594 1722 768 1780 βαπτός
808 1724 897 1766 sive
935 1721 1134 1781 βάπτης,
1174 1728 1348 1780 πνῖγος,
1391 1725 1530 1778 κλέος,

20 1790 188 1853 ξρέος.
246 1790 335 1835 Sed
366 1805 458 1836 cum
487 1789 630 1848 ἀλέγω
659 1798 700 1836 et
728 1794 902 1842 ceteris,
932 1804 1039 1848 quae
1071 1805 1192 1835 unum
1221 1792 1344 1837 modo
1374 1793 1530 1837 aditum

35 1856 223 1913 habent,
262 1860 588 1918 componendum
618 1867 682 1904 est
710 1856 921 1915 γελλίζειν
951 1861 1040 1903 sive
1071 1857 1276 1913 ἑλλίζειν,
1307 1862 1417 1919 quod
1446 1861 1532 1906 He·
1556 1858 1561 1864 '

34 1925 217 2005 isychius
249 1926 434 1977 τίλλειν,
473 1927 750 1986 γαργαλίζειν
790 1929 1080 1985 interpretatus
1122 1935 1198 1972 est.
1262 1928 1368 1973 Nam
1407 1929 1530 1987 huJus

19 1994 31 2045 ’ς
70 1995 291 2039 rimitivum
321 2001 386 2040 est
417 1995 550 2046 ἕλλω,
581 1995 691 2053 quod
719 1995 830 2039 idem
857 1995 1014 2052 profert
1042 1991 1282 2050 Ἐλλόμενα
1310 2014 1531 2056 περικνω-

17 2054 19 2067 ²
51 2078 168 2114 ενα,
188 2067 231 2119 ⁹)
260 2063 423 2109 Γέλλαι
455 2064 577 2108 τῖλαι
609 2077 648 2106 v.
671 2061 786 2106 Diss
815 2061 862 2105 V.
894 2063 930 2118 ᾗ
958 2063 998 2106 l.
1055 2062 1108 2106 Et
1137 2077 1228 2107 cum
1251 2062 1417 2120 βάλλω,
1445 2067 1530 2109 nisi

20 2118 83 2191 ξιε
125 2144 195 2184 or,
230 2132 322 2175 sine
352 2131 439 2176 ullo
467 2131 702 2176 internodio
740 2130 936 2175 cohaeret
968 2131 1162 2186 βαλλίζω
1195 2133 1311 2188 Jacio
1349 2140 1390 2177 et
1419 2134 1529 2178 salto

16 2195 18 2197 ’
59 2211 126 2243 oc
152 2205 218 2243 est
243 2199 420 2244 brachia
447 2200 659 2258 pedesque
689 2200 732 2242 in
761 2213 956 2243 numeros
981 2201 1095 2255 Jacto
1125 2214 1162 2243 v.
1195 2200 1248 2243 ad
1268 2200 1336 2256 Aj
1366 2215 1405 2258 p.
1429 2201 1527 2245 314.

46 2275 140 2310 cum
171 2265 296 2325 φέρω
325 2263 602 2325 ἆντιφερίζω,
634 2280 812 2323 namque
836 2280 987 2310 nomen
1016 2265 1244 2325 ἀντιφάρα
1263 2266 1443 2314 Homero
1458 2271 1529 2314 vix

26 2360 46 2383 ,
42 2334 234 2378 ἠιιοῐιιίι.
292 2332 380 2378 Sed
409 2334 462 2378 de
491 2333 663 2388 πλοΐζω
692 2334 859 2377 dubium
883 2342 946 2377 est
974 2342 1106 2378 utrum
1136 2348 1162 2379 a
1189 2337 1353 2394 poetico
1388 2335 1528 2382 πλώω

12 2394 275 2468 Uel-ivatum
304 2404 360 2446 sit
396 2414 451 2446 an
477 2415 505 2446 a
538 2400 682 2454 πλόος
710 2401 897 2445 adhibita
925 2404 1077 2454 ectasi,
1112 2416 1219 2461 quae
1249 2405 1293 2447 in
1322 2403 1530 2458 πλώιμος

26 2470 30 2494 ³
59 2489 62 2506 ·.
86 2470 216 2514 tinet.
273 2468 324 2513 Si
349 2483 450 2514 vero
479 2483 634 2514 causas
663 2469 783 2530 huJus
812 2483 1056 2528 paragogae
1080 2472 1331 2528 quaerimus,
1360 2471 1527 2529 γεμίζω

21 2555 30 2587 ἶ

0 2596 35 2682 f}
67 2626 69 2628 ’
137 2632 175 2678 9)
204 2632 283 2668 Pro
307 2631 379 2668 hoc
403 2630 620 2668 Dindorfius
651 2632 687 2668 in
713 2632 821 2668 Thes.
853 2632 1000 2679 corrigit
1028 2629 1295 2680 περικλώμενα.
1343 2633 1420 2669 Sed
1444 2632 1528 2668 titil-

0 2683 47 2735 Μ’
68 2705 84 2721 ι·
102 2701 124 2726 e
146 2690 300 2738 propius
324 2690 430 2726 abest
451 2701 474 2726 a
495 2693 599 2736 κνᾷν,
628 2693 781 2735 κνίζειν,
810 2690 1004 2734 vellicare,
1036 2689 1220 2734 fodicare,
1246 2702 1351 2736 quam
1378 2702 1401 2725 a
1421 2691 1526 2736 κλᾷν.

21 2739 106 2791 μἸι
128 2747 264 2799 ἕλλεςν,
290 2750 434 2794 γέλλειν
458 2748 716 2795 reduplicatum
744 2754 798 2783 est
823 2744 1029 2795 γάγγαλος,
1066 2749 1303 2795 γαγγαλίζειν
1326 2748 1408 2784 sive
1430 2760 1526 2797 γαρ-

40 2826 55 2844 2
118 2807 218 2847 ίζειν.

114 2862 138 2889 Ι..
150 2863 288 2891 obeck.
314 2861 456 2890 Technol.
1193 2864 1247 2907 15
