1728 3120
234 189 330 235 324
649 179 1118 224 DISSERTATIO
1161 180 1279 226 XIX.

236 298 444 351 appellant
483 293 674 347 Sappho,
714 294 887 336 Alcaeus
931 294 1104 344 Alcaeo,
1147 295 1315 349 Geryon
1352 295 1598 352 Geryomts,
1636 297 1708 342 ubi

234 365 366 420 primo
400 359 597 416 ¹exemplo
636 359 786 404 deesse
819 374 1078 416 synonymon
1117 359 1367 418 Spengelius
1406 364 1707 420 animadvertit,

234 432 432 473 incertum
462 433 526 470 est
565 434 695 469 utrum
727 426 897 484 Sappha
930 428 1195 471 inserendum
1233 431 1287 472 sit
1322 441 1377 473 an
1406 429 1622 489 Sapphus,
1652 445 1707 475 an

233 497 339 540 forte
367 493 587 551 Sapphom
629 507 725 536 nam
763 493 868 537 haec
910 508 1071 551 quoque
1105 497 1340 540 terminatio
1378 496 1586 547 seminifluis
1615 500 1706 542 ino--

233 564 333 607 levit
359 563 507 619 partim
538 562 628 603 sine
658 560 1057 618 paraschematismo
1085 562 1170 615 χέω
1196 559 1302 616 χιών
1333 560 1393 614 ὥς
1419 553 1592 621 vem
1608 563 1703 608 EM.

233 627 338 674 εἴκω
358 626 498 677 εἰκών,
530 629 644 683 cujus
676 627 849 671 alteram
873 630 1116 686 scripturam
1142 626 1245 672 εἰκώ
1269 627 1476 674 dubitatur
1489 631 1706 676 ”Gi-am·-

230 697 372 740 matici
399 695 588 739 finxerint
616 702 782 752 propter
806 709 930 738 casus
960 695 1164 752 obliquos,
1195 694 1410 753 Κραγγών
1439 695 1570 742 κίσσα
1599 699 1707 753 (cla--

231 767 369 816 mosa)
397 761 495 804 Hes.
516 760 669 819 φαγιόν
698 762 872 806 maxilla
885 775 923 806 v.
947 762 999 805 ad
1017 762 1083 818 Aj.
1101 776 1140 819 p.
1162 762 1256 806 167.
1285 769 1325 806 et
1340 761 1531 820 ρυμβών,
1557 768 1705 823 partim

233 831 476 874 consociata
505 828 626 872 alteri
655 829 724 872 vel
753 830 860 873 adeo
889 829 1138 886 praevalens
1167 826 1193 886 ἡ
1221 825 1348 887 ἆηδώ
1376 829 1488 874 κατὰ
1502 833 1706 889 Μιτυλη-

230 895 381 947 ναίους
412 895 486 938 καὶ
510 893 657 952 ἀηδών
685 910 721 939 v.
737 895 982 951 Bernhardy
1012 896 1066 939 ad
1086 894 1202 938 Suid.
1233 892 1259 953 ἡ
1282 899 1323 938 Γ
1319 893 1462 954 οργών
1489 900 1568 955 τῆς
1591 901 1632 940 Γ
1629 915 1706 956 ορ·-

230 962 358 1020 γόνος
389 962 462 1004 καὶ
501 959 525 1018 ἡ
559 960 713 1018 Γοργώ
755 966 832 1019 τῆς
860 966 900 1004 Γ
897 962 1055 1019 οργόος
1092 961 1167 1005 καὶ
1196 965 1394 1020 Γοργοῦς
1428 962 1570 1009 Schol.
1607 964 1704 1008 Eur..

230 1029 300 1073 Or.
332 1028 456 1071 1514.
475 1031 515 1082 8)
573 1026 771 1084 Δωδώνη
801 1029 973 1084 λέγεται
1000 1028 1074 1071 καὶ
1098 1026 1267 1072 Δωδών
1296 1029 1370 1073 καὶ
1385 1029 1532 1074 Δωδώ
1558 1031 1704 1089 steph.

229 1111 265 1140 v.
296 1095 452 1138 Parali.
486 1095 578 1137 117.
610 1102 649 1138 et
677 1096 771 1137 119.
830 1092 988 1152 Σαρδώ
1026 1095 1197 1150 λέγεται
1236 1096 1309 1139 καὶ
1337 1094 1520 1154 Σαρδών
1555 1094 1617 1149 ὡς
1647 1101 1703 1157 τῇ

230 1166 385 1206 Πυθοῖ
415 1159 684 1218 παράκειται
713 1160 763 1206 τὸ
794 1158 964 1205 Πυθιόν
994 1159 1134 1217 Steph.
1193 1161 1255 1205 De
1289 1163 1434 1206 eodem
1461 1162 1701 1208 Busta-thius

230 1230 284 1272 ad
301 1228 423 1271 Dion.
444 1228 512 1270 82.
570 1227 729 1284 Σαρὸώ
759 1225 818 1278 ὡς
837 1225 1012 1284 Σαπφώ
1042 1227 1116 1270 καὶ
1142 1226 1364 1285 Σαρδόνος
1392 1226 1453 1280 ὠς
1478 1230 1700 1288 τρυγόνος.

228 1295 461 1352 Hesychius
479 1292 660 1345 Σινδούς
680 1293 882 1344 σινδόνας
909 1307 988 1337 scr.
1019 1294 1195 1345 σινὸοῦς
1223 1301 1267 1337 ut
1287 1291 1435 1346 εἰκοῦς
1455 1302 1494 1350 ⁹)
1525 1300 1565 1341 et
1588 1302 1629 1339 Τ
1624 1315 1701 1356 ρυ-

227 1366 315 1420 γιῢς
343 1361 422 1413 τὰς
449 1363 671 1418 τρυγιῦνας
699 1375 780 1404 scr.
810 1359 993 1417 τρυγοὺς
1024 1360 1103 1410 τὰς
1131 1358 1345 1416 τρυγόνας
1368 1362 1410 1405 id
1439 1370 1507 1406 est
1523 1370 1701 1409 turtures

228 1444 255 1473 a
283 1429 411 1473 verbo
441 1425 582 1484 τρύζω
614 1434 654 1470 ut
682 1426 827 1480 στάζω
858 1424 1045 1482 σταγών,
1083 1423 1280 1480 ὄλολύζω
1312 1424 1552 1485 ὄλολυγών,
1592 1433 1701 1488 quod

227 1497 349 1540 modo
384 1494 583 1537 ululatum
615 1490 865 1551 (ὀλολυγήν)
895 1494 1017 1538 modo
1055 1493 1210 1537 ululam
1246 1494 1453 1553 signifieat
1488 1504 1532 1541 ut
1567 1497 1728 1553 γλιχώ,

226 1563 523 1620 parsimoniam
560 1568 599 1603 et
639 1562 736 1609 (uisi
767 1560 959 1604 Zonaras
988 1561 1115 1614 fallit)
1154 1574 1337 1618 paream.
1395 1564 1436 1606 A
1468 1564 1596 1615 verbo
1625 1567 1701 1608 tri-
1727 1612 1728 1618 Ξ

227 1629 392 1686 syllabo
422 1627 696 1685 proficiscitur
714 1624 890 1685 ἀρηγών
919 1635 958 1670 et
982 1625 1145 1685 ἆρηγώ,
1176 1628 1226 1671 de
1258 1629 1606 1687 quodisputatum
1636 1639 1700 1676 est
1727 1624 1728 1656 ³

227 1698 279 1740 ad
301 1697 364 1751 Aj.
394 1695 543 1752 p.166.
592 1693 744 1737 Cetera
776 1694 1054 1737 dicatalexiae
1085 1695 1272 1752 exempla
1300 1695 1406 1740 haec
1435 1695 1699 1756 suntzflegu-
1727 1718 1728 1722 ¹

221 1766 326 1817 χοῦς
352 1760 634 1816 Ἱεριχοῦντος
651 1773 660 1783 ·
694 1760 875 1819 εὕρηται
911 1761 986 1804 καὶ
1016 1761 1166 1819 δοτικὴ
1198 1759 1371 1820 Ἱεριχοῖ
1399 1760 1490 1807 ἀπὸ
1518 1764 1597 1821 τῆς
1622 1762 1700 1808 Ἱε-

223 1825 331 1886 mxu}
359 1828 502 1884 Steph.
536 1824 674 1879 αἰδώς
703 1834 743 1870 et
773 1825 884 1871 αἷὸιό
920 1826 995 1871 ὅτε
1035 1824 1193 1872 εὐθεῖά
1224 1828 1341 1884 ἐστιν
1370 1826 1570 1883 ὀξύνεται
1599 1830 1700 1883 EM.
1727 1834 1728 1837 ’

311 2011 347 2053 8)
382 2010 483 2044 Haec
507 2010 704 2044 Theodosii
740 2008 804 2043 suit
828 2010 1027 2051 sententia3
1058 2008 1243 2044 Romanus
1267 2020 1359 2045 vero
1391 2010 1514 2046 statuit
1537 2023 1559 2047 a
1580 2009 1699 2059 Λητώ

220 2067 435 2102 declinatum
461 2077 541 2100 esse
569 2067 628 2109 τῆς
650 2067 782 2109 Λητῶς
806 2064 917 2108 (quod
941 2064 1116 2098 aeolicum
1141 2066 1212 2109 est)
1238 2070 1274 2099 ut
1296 2067 1437 2101 Μοῦσα
1458 2066 1630 2114 Μούσης,
1657 2076 1696 2105 et

219 2122 289 2158 hoc
314 2122 498 2157 transiisse
521 2122 557 2156 in
574 2123 721 2166 Λητοῦς
737 2119 982 2155 Choerobosc.
1002 2120 1096 2155 Dict.
1115 2120 1194 2155 332.
1243 2121 1473 2157 Homericum
1495 2125 1697 2170 genitivum

219 2181 382 2225 Γοργοῦς
405 2177 493 2213 ΕΜ.
519 2178 708 2223 dupliciter
731 2177 990 2222 interpretatur
1022 2179 1082 2220 τῆς
1111 2175 1330 2226 γοργόιητος
1361 2175 1383 2223 ἢ
1414 2181 1474 2223 τῆς
1495 2180 1690 2229 Γοργόνος

218 2236 285 2271 sed
307 2236 405 2270 illum
434 2245 517 2268 esse
550 2246 573 2268 a
595 2239 697 2268 recto
728 2231 748 2277 ἡ
780 2231 916 2279 Γοργώ.
964 2232 1060 2268 Nam
1092 2230 1245 2279 Γοργών
1274 2245 1348 2270 non
1379 2238 1544 2283 Γοργοῦς
1567 2237 1704 2273 facere¹

218 2299 255 2327 ut
282 2288 388 2327 εικών
415 2293 532 2330 εἰκοῦς
555 2291 663 2325 tacite
686 2287 866 2336 significat
889 2289 1013 2325 Schol.
1039 2289 1078 2325 II.
1105 2288 1200 2325 VIII.
1220 2289 1303 2325 349.
1348 2289 1532 2339 Γοργόνος
1553 2292 1692 2344 γράφει
1723 2331 1728 2340 Ι

218 2345 424 2393 Ζηνόδοτος
448 2349 588 2386 κακῶς·
619 2346 661 2381 οὐ
685 2345 757 2394 γὰο
784 2344 802 2380 ὁ
828 2344 975 2391 ποιητὴς
999 2350 1098 2393 Γοργ
1100 2342 1151 2380 (όν
1176 2356 1290 2393 φησιν
1313 2344 1403 2382 ἀλλὰ
1427 2347 1567 2396 Γοργώ.
1697 2349 1700 2351 ’
1724 2347 1728 2355 “

308 2428 344 2471 9)
377 2427 480 2461 Hunc
503 2431 687 2460 accentum
712 2424 925 2471 praescribit
948 2423 1070 2460 Choe1
1072 2425 1225 2460 oboscus
1251 2431 1287 2460 et
1311 2425 1451 2461 duobus
1472 2426 1563 2463 Iocis
1586 2427 1689 2464 resti·

215 2484 280 2519 tuit
303 2483 463 2519 Bisetus.
512 2482 616 2517 Hunc
640 2482 799 2527 sequitur
814 2480 1054 2516 Buttmannus
1067 2480 1277 2526 Gramni.⁴§.
1293 2481 1349 2516 56.
1374 2481 1535 2518 Adn.11.
1561 2496 1687 2520 errans
1719 2479 1728 2533 Ξ

215 2542 260 2575 de
284 2538 422 2586 βληχώ,
458 2538 559 2584 cujus
589 2550 694 2573 casus
719 2538 821 2573 attuli
846 2537 892 2571 ad
915 2536 973 2582 Aj.
1002 2549 1036 2583 p.
1065 2536 1140 2571 173.
1189 2537 1326 2572 Contra
1355 2538 1554 2574 Aristarchi
1583 2552 1686 2586 prae·

214 2603 356 2642 ceptum
381 2596 512 2642 legitur
537 2595 643 2630 etiam
669 2606 763 2629 nunc
787 2593 851 2638 τὴν
876 2595 995 2629 πειθώ
1012 2592 1141 2628 Achill.
1159 2592 1237 2629 Tat.
1252 2593 1277 2628 I.
1296 2594 1329 2629 9.
1354 2591 1418 2638 τὴν
1436 2595 1728 2653 .Ληι’ῶ1ἳόι111.·ί

213 2653 293 2687 XX
319 2653 374 2687 75.
400 2650 676 2687 .Accusativum
707 2650 772 2696 τὴν
796 2649 938 2696 Ἀμαζω
970 2649 1204 2685 Eustathius
1215 2649 1261 2684 ad
1295 2649 1405 2685 Dion.
1428 2650 1509 2688 823.
1540 2664 1575 2698 p
1603 2652 1683 2690 26}
1720 2675 1728 2698 ἶ,

213 2710 273 2744 lin
301 2709 335 2745 9.
362 2720 384 2743 a
410 2714 512 2744 recto
534 2706 698 2754 Ἀμαζών
722 2707 925 2743 declinasse
948 2706 1103 2742 videtur.
1675 2728 1677 2734 ,
1720 2711 1728 2722 ··
