1728 3120
249 214 348 261 260
673 203 1138 249 DISSERTATIO
1182 204 1294 248 XVI.

250 318 541 366 mutationibus
576 319 726 369 variis,
766 331 872 373 quae
914 318 967 360 ad
1007 317 1086 361 duo
1126 318 1317 361 revocari
1353 324 1524 375 possunt
1561 322 1718 373 genem

250 399 426 435 summa,
465 391 611 440 tropen
648 391 687 426 et
726 383 986 440 epenthesin,
1024 391 1235 440 utramque
1272 383 1517 441 bipertitam.
1575 378 1717 440 Tropu

249 455 456 499 vocalium
488 466 572 495 una
597 453 785 508 legitima
814 459 877 495 est
908 465 990 509 qua
1022 469 1063 504 ε,
1100 459 1143 495 ut
1171 454 1215 495 in
1249 453 1434 510 perfecto
1463 448 1598 497 medio
1627 453 1717 496 fieri

252 523 378 573 solet,
412 523 455 564 in
494 538 517 564 ο
556 523 720 573 transiit
747 527 790 564 ut
818 516 939 564 όλπα
968 517 994 578 ἡ
1032 521 1160 572 ἐλπίς
1187 520 1286 565 Hes.
1323 519 1494 580 στροφή
1526 529 1566 566 et
1603 521 1721 566 millii

248 590 353 633 talia
370 589 552 644 exceptis
577 601 682 644 quae
702 587 974 630 substantiam
992 588 1225 642 significant
1248 589 1390 645 στέγη,
1415 589 1570 646 σκέπη,
1599 589 1720 643 πέρα

251 659 304 702 ab
335 658 479 702 eodem
509 656 686 700 themate
722 657 882 699 ductum
918 656 1026 698 unde
1055 653 1209 712 πόρος.
1267 656 1435 700 Literae
1466 657 1591 715 alpha
1619 660 1661 700 in
1691 675 1719 701 u

249 737 477 769 conversae
517 723 742 779 exemplum
782 721 995 777 singulare
1031 729 1095 764 est
1123 723 1305 778 λέλογχα
1338 721 1468 779 λόγχη
1505 737 1598 767 sors
1628 725 1718 767 sive

248 793 382 849 portio
400 797 570 834 accentu
589 789 777 832 notabili.
825 787 886 830 De
911 787 1174 843 diphthongis
1199 790 1261 832 sic
1279 788 1524 832 habendum.
1567 791 1606 832 A
1624 802 1722 833 ver-³

247 861 314 903 bis
343 861 386 902 in
415 876 523 903 αινω
554 866 595 901 et
633 875 746 914 αιρω
778 856 1059 900 desinentibus
1090 870 1197 912 quae
1233 859 1410 901 existunt
1437 859 1607 902 nomina
1635 869 1721 903 ιιοιι

247 927 479 984 praesentis
509 925 816 968 similitudinem
846 929 1070 979 sequuntur
1093 924 1166 966 sed
1190 930 1414 981 temporum
1445 925 1717 983 obliquorum,

248 995 291 1035 in
321 992 467 1048 quibus
504 991 666 1035 vocalis
698 990 921 1032 thematica
959 991 1222 1044 regei-minat.
1279 991 1345 1034 Ad
1375 991 1510 1035 καίνω
1539 993 1721 1049 ᾳιιὶᾱθιιι,<

249 1060 364 1114 quus
392 1059 617 1115 perfectum
659 1064 722 1100 est
756 1057 930 1107 κέκονα,
966 1069 1115 1099 nomen
1149 1058 1323 1112 pertinet
1353 1056 1472 1115 Κονή
1511 1059 1650 1116 φόνος
1677 1065 1721 1103 ei

245 1123 482 1181 Κατακονή
513 1121 537 1181 ἡ
574 1120 807 1180 διαφθορά
837 1122 934 1165 Hes.
967 1123 1018 1164 ab
1049 1124 1102 1165 iis
1122 1136 1222 1166 vero
1251 1136 1356 1179 quae
1380 1124 1506 1181 alpha
1532 1127 1721 1182 stirpitus

246 1190 398 1233 habent
429 1188 555 1247 χαρά,
584 1187 700 1245 μάνη
724 1191 790 1242 ι3)
824 1186 941 1245 φανή
973 1195 1013 1231 et
1039 1188 1364 1245 parasynthcton
1391 1190 1609 1249 προχανή,
1641 1192 1716 1236 sed

249 1257 301 1300 ab
339 1257 485 1299 eodem
523 1255 651 1299 verbo
691 1257 814 1298 etiam
852 1267 1001 1297 nomen
1037 1257 1166 1311 piscis
1202 1253 1334 1312 χάννη
1377 1256 1649 1312 proficiscitur
1676 1271 1715 1302 v.

246 1322 415 1366 Jacobs.
459 1322 512 1365 ad
541 1322 708 1365 Aelian.
741 1322 835 1364 135.
875 1327 917 1365 ut
954 1334 980 1363 a
1017 1322 1153 1364 σαίνω
1184 1334 1339 1373 sanna,
1379 1329 1418 1365 et
1455 1337 1508 1366 ex
1543 1324 1722 1380 perfecti

246 1389 514 1432 similitudine
543 1388 772 1444 καταχήνη,
803 1384 1016 1444 κυσοχήνη
1047 1394 1168 1443 atque
1191 1387 1359 1431 verbum
1385 1392 1584 1446 χηνῆσαι.
1642 1390 1722 1434 Di·-

243 1456 441 1514 phthongi
471 1448 518 1501 {Z
541 1470 634 1500 sors
661 1458 782 1499 varia
811 1463 895 1507 est3
931 1456 1170 1512 plerumque
1208 1458 1315 1498 enim
1345 1457 1507 1513 epsilon
1539 1460 1583 1501 in
1613 1461 1715 1502 omi-

244 1538 346 1567 cron
383 1530 560 1566 mutatur
595 1524 681 1566 iota
718 1522 786 1566 vel
826 1523 981 1565 omisso
1022 1519 1202 1579 φθορά,
1242 1518 1404 1579 ἀγορά,
1449 1524 1517 1567 vel
1556 1532 1719 1570 retento

243 1588 398 1647 στοιβή
423 1592 489 1643 l⁴)
518 1592 676 1646 μοῖρα,
708 1585 890 1646 ἀλοιφή.
951 1587 1092 1631 Semel
1121 1588 1282 1646 epsilon
1309 1592 1519 1646 praesenti
1549 1592 1717 1635 insitum¹

243 1656 437 1712 abjicitur
454 1652 628 1711 στίβηὴ
660 1652 825 1712 ἑωθινὴ
855 1653 998 1711 πάχνη
1027 1653 1154 1711 παρὰ
1181 1655 1231 1699 τὸ
1262 1655 1442 1710 στείβω·
1472 1660 1715 1702 πυκνοῦται

242 1720 324 1776 γὰρ
354 1719 380 1779 ἡ
413 1718 574 1778 δρόσος
601 1721 876 1778 παχνουμένη
908 1720 1021 1763 Eust.
1041 1721 1164 1772 1546,
1191 1720 1260 1764 45.
1287 1718 1425 1780 ἂλιφή
1455 1735 1539 1766 non
1562 1722 1718 1779 legitur

243 1787 319 1830 sed
355 1786 574 1844 συναλιφή
611 1789 746 1830 tritum
782 1794 846 1829 est
882 1788 925 1829 in
959 1786 1329 1831 Grammaticorum
1362 1789 1621 1833 sermonibus
1644 1793 1719 1843 ¹⁵)

241 1861 282 1896 et
310 1855 493 1896 sancitur
523 1854 629 1896 adeo
661 1853 713 1896 ab
737 1851 952 1896 Eustathio
975 1852 1073 1908 lege
1105 1856 1419 1911 compositorum
1439 1869 1477 1912 p.
1495 1846 1617 1908 1561,
1644 1857 1713 1901 10.

239 1918 294 1962 τὰ
325 1917 490 1976 melma
527 1916 578 1963 οὐ
607 1917 821 1962 σύνθετον
857 1917 968 1961 κατὰ
997 1917 1072 1975 τὴν
1110 1916 1376 1978 συναλιφήν,
1418 1920 1489 1966 διὸ
1522 1922 1597 1966 καὶ
1625 1939 1712 1981 φυ-

239 1982 394 2028 λάσσει
423 1984 501 2040 τὴν
541 1983 799 2040 δίφθογγον.
858 1982 944 2025 Sed
972 1983 1078 2026 haec
1107 1984 1176 2027 lex
1208 1986 1262 2028 ad
1301 1987 1508 2042 adjectiva
1536 1991 1711 2045 pertinet

239 2050 294 2095 τὰ
320 2051 448 2108 παρὰ
475 2050 524 2094 τὸ
556 2047 729 2107 ἀλείφω
760 2048 800 2094 εἰ
830 2049 904 2093 διὰ
933 2053 1010 2093 τοῦ
1040 2069 1076 2094 π
1106 2052 1383 2109 ἐκφέρονται,
1415 2057 1509 2100 διὰ
1519 2057 1719 2114 διφθόγ-’

237 2137 316 2175 γου
345 2117 614 2177 γράφονται
655 2116 695 2161 εἶ
725 2118 773 2162 δὲ
803 2117 876 2162 δια
907 2116 987 2162 τοῦ
1015 2135 1070 2176 φ,
1101 2137 1140 2163 ει
1170 2121 1250 2174 μὲν
1279 2116 1361 2165 ὦσι
1382 2121 1601 2175 συνθετα,
1634 2125 1710 2171 διὰ

236 2191 316 2232 τοῦ
347 2206 375 2239 ι,
406 2184 702 2244 πισσαλιφης,
733 2182 961 2244 ἇνηλιφής,
991 2186 1032 2230 εἶ
1061 2187 1110 2231 ds
1141 2185 1267 2232 απλοῖ
1295 2189 1370 2233 διὰ
1397 2194 1477 2248 τῆς
1506 2210 1557 2244 ει,
1589 2190 1709 2239 ἄλει-

236 2270 330 2311 φαρ
349 2253 465 2296 Suid.
483 2266 515 2296 s.
534 2249 741 2310 Ἀλειφα.
789 2251 863 2296 Sic
878 2251 1157 2311 πισσαλιφής
1180 2255 1374 2299 scribitur
1394 2264 1438 2300 ut
1455 2259 1708 2318 φονολιβής,

328 2378 384 2422 13)
417 2377 569 2419 Photius
582 2375 721 2422 Μάνην
743 2375 809 2422 τὴν
835 2380 996 2423 μανίαν·
1022 2379 1170 2423 λέγουσι
1193 2379 1234 2414 δὲ
1252 2381 1314 2414 καὶ
1336 2379 1472 2426 μάναν.
1509 2382 1708 2421 nobi-aeus

234 2434 356 2469 scribit
378 2431 524 2480 Μάμην
554 2431 741 2480 (μάμμην)
773 2435 1048 2480 μαμίαν-καὶ
1080 2436 1224 2480 μαμᾷν.
1269 2435 1450 2482 Equidem
1486 2438 1573 2473 nihil
1607 2446 1707 2476 muto

233 2490 570 2535 praetervultimum
599 2492 727 2543 μάνᾷν
750 2500 817 2534 pro
852 2487 996 2534 μα’ναν,
1029 2495 1067 2524 ut
1094 2492 1225 2536 χολᾷν.
1272 2490 1369 2527 Nam
1392 2499 1430 2528 ut
1457 2493 1554 2541 μάιη
1575 2501 1702 2543 ματία,

232 2543 327 2592 μονή
349 2550 481 2591 μονιά,
506 2544 597 2591 κάκη
623 2549 754 2588 κακία,
788 2545 844 2579 -sic
868 2546 975 2579 etiam
999 2543 1101 2590 μάνη
1122 2550 1239 2593 μανία
1262 2547 1332 2582 dici
1363 2549 1522 2595 potuisse
1548 2551 1699 2589 videtur.

322 2601 379 2646 14)
413 2601 593 2637 Vitiosum
629 2605 753 2646 στοίβη
791 2600 973 2647 Theophr.
1007 2600 1052 2636 Η.
1082 2601 1139 2636 Pl.
1171 2601 1235 2638 Vl.
1264 2603 1295 2647 l,
1320 2602 1353 2639 3.
1387 2616 1504 2652 nuper
1541 2609 1700 2644 correxit

230 2655 470 2700 Wimmerus3
495 2655 659 2702 Συντόῆφ
684 2656 853 2696 σύντασις
874 2656 961 2692 Hes.
985 2656 1155 2694 Vossius.

320 2712 376 2756 15)
407 2713 463 2748 Ex
497 2725 626 2759 magna
659 2713 908 2759 exemplorum
946 2712 1050 2758 copia
1081 2725 1197 2759 pauca
1230 2717 1348 2753 attulit
1373 2715 1628 2755 Blomfietdtus
1650 2720 1700 2756 ad

228 2765 337 2801 Phot.
361 2768 525 2804 Addend.
551 2781 586 2814 p.
611 2768 687 2804 688.
712 2769 808 2813 (594.
837 2768 892 2803 ed.
918 2767 1034 2814 Lips.)
