1708 3126
218 164 282 230 5o
660 177 1121 223 uissEuTArlo
1165 178 1233 221 ιιι.

218 304 466 362 βαρύνεται.
525 302 636 347 ldem
664 318 702 361 p.
733 303 827 348 152.
859 302 914 346 τὰ
942 301 1007 354 εἷς
1040 293 1105 359 {tc—o
1141 301 1275 360 φύσει
1303 305 1456 363 μακρᾷ
1487 306 1685 365 παροιλῇ

217 370 381 427 γόμενα
418 369 592 427 τρώγω,
626 367 776 428 φάγω,
816 367 965 427 τμήγω
994 377 1070 413 etc.
1100 383 1175 427 pro
1212 370 1394 414 secundo
1426 383 1511 415 non
1539 370 1688 428 φεύγω

218 437 403 480 scribere
430 439 558 492 potuit
593 442 636 479 ut
668 438 711 479 in
749 436 840 480 cod.
870 436 1022 492 legitur
1060 437 1134 479 sed
1163 437 1231 480 vel
1257 435 1412 493 φρύγω
1449 437 1519 480 vel
1549 432 1686 494 φύγω.

217 502 504 558 Trisyllabum
545 499 748 559 φάγομαι
790 502 981 558 Byzantii
1023 505 1211 559 magistri
1255 516 1339 547 una
1381 516 1472 547 cum
1517 501 1687 556 ἔδομαι,

217 569 382 624 πίομαι
419 572 526 612 inter
564 569 700 612 futura
738 569 1066 626 σεσημειωμένα
1103 571 1298 614 referunt.
1355 569 1520 627 Regula
1553 578 1688 615 autem

217 651 301 680 non
331 637 463 680 solum
494 636 544 679 de
573 635 654 679 hac
681 638 968 679 terminatione
995 636 1107 680 valet
1136 638 1210 679 sed
1239 638 1279 680 in
1309 638 1543 681 universum
1571 637 1689 681 nullst

218 710 311 746 sunt
340 703 471 746 verba
495 716 602 759 quae
630 702 754 760 alpha
781 706 903 747 breve
932 705 974 746 in
1003 703 1228 759 penultima
1257 716 1360 760 pura
1389 703 1542 747 habent
1572 708 1687 747 ante·

217 770 387 813 cedente
418 777 457 813 et
488 770 734 813 succedente
775 783 961 813 consona
992 769 1189 826 simplici,
1226 782 1434 827 perpauca
1463 772 1687 815 crassioris

215 842 444 879 structurae
474 834 638 890 βλάβα),
669 835 840 893 γράφω,
869 834 1044 893 φθάνω,
1074 849 1167 879 nam
1196 836 1435 894 plerumque
1467 839 1689 883 assumitur

216 916 402 947 consona
442 902 659 945 auxiliaris
695 900 862 954 δάκνω,
909 901 1052 945 dinuo.
1121 903 1273 946 Ac-ne
1315 903 1482 959 longum
1523 905 1686 960 quidem

217 969 342 1026 alpha
378 971 599 1026 reperitur3
638 982 733 1012 nam
771 983 845 1025 pro
877 964 968 1022 ἄγω
996 968 1145 1024 frango
1181 977 1387 1027 receptum
1427 977 1491 1014 est
1531 966 1697 1026 &Syrium

215 1043 255 1079 et
291 1043 439 1093 postea
477 1033 697 1079 κατάσσω.
765 1034 1010 1090 Trisyllaha
1049 1032 1228 1093 ἀράγειν
1265 1043 1305 1079 et
1342 1034 1550 1092 σαλάγειν
1585 1039 1687 1080 vitio

215 1110 407 1146 contacta
434 1115 529 1145 esse
557 1103 696 1145 monui
722 1104 764 1144 in
786 1101 979 1157 Prolegg.
1009 1100 1106 1144 304.
1166 1102 1325 1145 Creber
1345 1115 1446 1146 vero
1475 1104 1684 1148 secundae

214 1169 376 1213 vocalis
406 1182 506 1211 usus
538 1167 661 1223 λέγω,
693 1168 843 1223 στέγω,
874 1169 1032 1224 φλέγω,
1064 1167 1188 1225 ψέγω
1218 1176 1258 1211 et
1277 1169 1469 1224 syllabae
1497 1170 1684 1228 prosthess·

212 1238 321 1279 ticae
357 1249 530 1278 accessu
567 1242 690 1278 aucta
722 1231 886 1290 ἀλέγω,
925 1231 1080 1290 ὄρέγω.
1139 1234 1213 1277 His
1245 1249 1351 1292 quae
1381 1233 1556 1280 suntin
1582 1228 1698 1350 003³

211 1302 308 1346 finio
338 1303 493 1358 posita,
531 1302 808 1358 producuntur
837 1301 888 1343 ab
919 1300 1156 1344 Herodiano
1186 1301 1213 1344 l.
1244 1316 1278 1345 c.
1308 1315 1347 1360 p.
1375 1301 1444 1346 45.
1474 1309 1515 1347 et
1543 1302 1634 1347 The
1686 1300 1688 1310 ¹

212 1375 362 1424 gnosto
377 1382 414 1424 p.
440 1368 533 1410 139.
563 1365 711 1425 θήγω,
742 1365 871 1424 λήγω,
903 1364 1071 1424 τμήγω,
1105 1364 1266 1425 ἀρήγω,
1298 1369 1446 1425 quibus
1475 1352 1696 1425 Arcadia&

210 1448 248 1491 p.
266 1434 360 1476 151.
393 1434 506 1477 addit
535 1431 729 1491 κεκλήγω
759 1433 832 1476 καὶ
861 1431 1076 1490 nen-hij
1106 1430 1198 1477 ἀπὸ
1232 1437 1318 1478 τῶν
1345 1430 1694 1494 παρακειμένωὸ“

211 1498 431 1556 γεγονότα.
496 1498 626 1543 Nemo
663 1500 828 1543 illorum
866 1502 979 1542 novit
1017 1497 1169 1557 σμήγω
1207 1498 1257 1543 τὸ
1297 1500 1530 1559 καθαίρω,
1573 1499 1653 1560 quo
1679 1508 1701 1556 J·

209 1565 479 1624 Epimeristes
496 1565 632 1609 Cram.
648 1566 698 1608 11.
714 1567 810 1608 393.
841 1573 881 1609 et
899 1566 1200 1610 Grammaticus
1228 1565 1279 1610 de
1296 1565 1446 1620 Quant.
1474 1581 1515 1627 p.
1528 1569 1624 1614 3119.
1643 1494 1682 1691 ²3

210 1646 261 1675 ex
298 1633 456 1675 novitia
492 1632 788 1675 consuetudine
831 1634 1001 1691 arripuit
1039 1646 1113 1691 pro
1154 1630 1324 1691 σμήχω,
1363 1647 1499 1694 neque
1538 1633 1667 1694 πήγω

210 1699 318 1754 quod
333 1698 561 1742 Passovius
587 1700 742 1756 recepit
761 1705 926 1756 propter
951 1697 1184 1756 ἕνεπήγετο
1201 1699 1356 1758 Aesop.
1371 1699 1473 1746 Fab.
1490 1693 1682 1751 CXLIX?

211 1765 465 1808 Schaeferus
486 1771 621 1809 autem
640 1767 792 1808 rectius
823 1766 875 1808 ad
895 1764 1166 1820 ἐνεπάγομαι
1185 1766 1331 1819 refert3
1359 1780 1454 1812 nam
1482 1710 1700 1864 §umffywik

209 1845 289 1888 quo
324 1845 433 1874 nunc
467 1831 618 1875 Graeci
654 1838 836 1883 utuntur,
873 1845 925 1874 ne
963 1830 1027 1874 Du
1068 1831 1252 1888 (langius
1298 1834 1462 1890 quidem
1502 1831 1708 1893 recepit}-

206 1911 281 1955 pro
319 1897 617 1955 παραπλῆγον
646 1896 888 1954 ἐκπλῆττον
917 1897 1013 1941 Hes.
1045 1897 1220 1942 Vossius
1250 1900 1463 1944 literarum
1492 1902 1678 1950 ordinem
1704 1895 1705 1898 ¹

208 1979 387 2023 sequens
438 1966 701 2010 scribendum
752 1974 892 2009 censet
940 1968 1272 2025 παραπλῆττον.
1344 1969 1390 2012 In
1431 1961 1514 2026 ἧκῖι
1556 1985 1678 2016 unum

207 2033 370 2088 πνίγω,
400 2046 496 2075 nam
526 2031 633 2088 λίγω
662 2032 711 2076 τὸ
742 2033 861 2087 ὑμνῶ
891 2031 985 2075 ΕΜ.
1018 2033 1113 2084 565,
1143 2034 1183 2077 9.
1215 2033 1406 2078 ficticium
1431 2044 1512 2088 est,
1553 2040 1677 2082 semi-

206 2098 431 2142 barbarum
455 2097 596 2154 σμίγω
635 2099 744 2155 quod
782 2100 949 2143 codices
982 2098 1180 2143 Herodoti
1209 2099 1239 2142 Ι.
1271 2100 1365 2144 127.
1395 2101 1461 2144 Vl.
1494 2103 1562 2146 14.
1594 2103 1674 2149 Vll.

206 2165 275 2209 40.
315 2165 490 2209 offerunt
528 2172 567 2208 et
606 2164 893 2218 Grammatici,
934 2180 1037 2223 quos
1074 2168 1284 2211 nominavi
1322 2169 1366 2211 in
1391 2168 1547 2212 Parall.
1576 2165 1675 2215 414.

206 2234 293 2276 iota
309 2232 478 2288 longum
497 2232 653 2275 habere
669 2235 940 2290 pronunciant
955 2232 1208 2283 Herodiano,
1239 2241 1280 2277 ut
1295 2234 1486 2286 arbitror,
1511 2239 1674 2281 assensi
1706 2291 1708 2294 Ι

204 2299 360 2342 nullum
391 2312 486 2341 esse
515 2299 747 2355 huJusmodi
774 2300 943 2343 verbum
974 2299 1395 2356 brachyparalectom
1423 2303 1521 2358 quin
1547 2305 1693 2346 etiam.

204 2366 464 2423 Apollinaris
483 2367 724 2423 imperativo
747 2369 851 2421 θῖγε
874 2379 948 2423 pro
977 2365 1175 2409 trochaeo
1204 2379 1304 2409 usus
1324 2374 1388 2410 est
1408 2366 1506 2424 ’θῖγ’
1535 2366 1675 2426 ὁρέων
1705 2422 1708 2424 q

205 2432 280 2476 καὶ
308 2431 476 2476 καπνὸν
509 2428 620 2489 ὄῖδην
646 2432 902 2477 σκοτοειδέα
931 2430 1099 2484 τεύξεις
1122 2432 1274 2476 Psalm.
1293 2432 1477 2477 CXLIIL
1507 2435 1572 2478 13.
1599 2450 1674 2493 pro

202 2499 342 2542 verbis
357 2498 570 2542 Psalmodi
589 2498 710 2556 ἅψαι
736 2502 821 2541 τῶν
851 2495 989 2557 ὀρέων
1008 2498 1082 2542 καὶ
1107 2496 1501 2557 καπνισθήσονται.
1554 2502 1672 2554 Quae

291 2649 330 2692 2)
358 2648 470 2687 Quod
491 2648 549 2683 hic
573 2647 673 2683 addit
699 2649 940 2691 σεσημείωται
959 2648 1057 2690 θίγω
1081 2643 1121 2681 τὸ
1142 2643 1336 2690 πλησιάζω,
1360 2643 1563 2696 κανθῆριον
1579 2651 1670 2696 θίγῃ

200 2706 263 2739 τοῦ
291 2700 399 2751 ὅρους
420 2706 682 2749 λιθοβολεῖται,
717 2704 842 2739 sumsit
863 2714 908 2737 ex
932 2701 1049 2738 Exod.
1073 2701 1173 2738 xlx.
1199 2702 1251 2738 13.
1276 2699 1347 2747 κᾷν
1367 2704 1685 2752 θηρίον-Μέθης
1706 2749 1708 2755 2

199 2758 450 2803 βοληθήσεται.
