1708 3126
114 235 137 262 ἦ
226 180 331 226 GAr.
360 179 430 225 ΙΙΙ.
487 178 560 223 DE
596 177 795 223 VERBIS
826 177 1277 223 GUTTURALIBUS.
1439 181 1506 228 67

170 282 173 286 ’
234 295 453 352 εφῶμαι,
483 292 586 337 illud
617 305 644 336 a
678 291 812 346 στίχω
840 291 1043 336 deflexum
1072 299 1206 350 putet3
1239 305 1317 336 nec
1337 292 1505 337 dubium

224 361 338 407 dius
357 361 511 420 p.153.
541 362 598 406 τὰ
618 359 684 414 εἷς
708 378 772 416 χω
802 358 1153 419 παραληγόμενα
1180 359 1334 421 μακρᾷ
1360 361 1506 418 στίχω,

125 427 330 488 ψῦχω,
361 426 526 487 τρύχω,
558 426 709 482 λειχω,
740 427 872 484 γλίχω
904 430 1119 487 scripserit
1150 427 1325 483 στείχω,
1365 428 1504 484 τεύχει)

26 543 29 560 ¹
158 495 406 541 ιιιοίιοεοιιε
443 494 1055 550 Gaisf.ll.590.215x0vm
1084 494 1319 552 βαδίζουσι
1347 495 1447 541 Hes.
1478 511 1507 542 a

102 556 138 641 ,ζ’
183 577 225 607 ο
255 562 410 608 editum
443 569 507 606 est
537 561 665 621 Soph.
702 562 799 606 Ant.
831 563 955 606 1129.
993 570 1034 607 et
1074 563 1229 620 legitur
1264 563 1346 608 hoc
1375 578 1503 622 saepe

27 618 29 632 '
193 628 496 674 ,HerodotiL
524 630 567 674 9.
602 629 653 673 ΙΙ.
687 630 754 674 76.
787 629 861 673 IX.
885 631 952 674 11.
986 630 1055 674 58.
1087 637 1128 674 et
1146 630 1218 674 61
1253 634 1503 690 saepissime

168 695 296 742 ,Ρῶ-
311 696 437 742 Anth
467 699 658 755 quamvis
687 704 946 754 repugnante
972 705 1104 742 metro
1128 711 1166 741 v.
1182 697 1361 743 Hecker.
1380 700 1504 745 Com-

132 763 224 809 de
265 763 392 808 Anth.
432 763 526 808 174.
571 771 612 808 et
649 767 815 808 omnino
852 777 938 808 non
974 766 1128 808 certius
1174 766 1336 810 videtur
1378 782 1503 825 quam

106 828 126 836 '
151 848 192 876 ι
209 829 459 889 φαίνονται,
473 827 681 889 ’Ίρεται’
664 827 694 888 ἠ
714 829 882 887 είρεται
908 828 1194 880 συνάπτεται,
1217 830 1413 877 Λίπει·
1388 850 1505 879 απο-

92 914 159 943 -ει
194 896 296 943 Hes.
334 895 494 952 Λίχων
534 893 632 942 ἀντὶ
674 899 756 941 τοῦ
800 895 956 950 λείχων
988 895 1091 940 Lex.
1131 897 1312 942 Albertii
1357 900 1413 943 ad
1451 901 1501 944 V.

95 977 194 1010 ον
213 967 285 1020 ³⁸)
341 963 424 1008 Pro
460 965 587 1021 μηχῶ
625 962 676 1007 τὸ
721 959 842 1020 οὗρῶ
875 962 1002 1007 Excc.
1041 962 1181 1007 Cram
1221 964 1272 1008 T.
1303 965 1371 1009 IV.
1407 968 1501 1012 191.

188 1043 275 1075 um
298 1037 363 1075 est
389 1027 544 1085 ὃμίχω,
575 1031 692 1087 cujus
723 1030 841 1074 solus
875 1037 986 1074 extat
1016 1033 1221 1075 aoristus:
1257 1031 1307 1075 τὸ
1341 1029 1503 1087 ω’μιξεν

173 1120 181 1138 ι
218 1094 471 1156 βαρυτόνου
489 1099 570 1141 τοῦ
599 1094 739 1152 ὄμίχω
770 1094 866 1142 ἐστι’
884 1096 1168 1142 Choerobosc.
1198 1097 1374 1142 Dict.11.
1403 1100 1502 1145 590.

108 1171 143 1219 f
160 1166 231 1223 Aj.
249 1163 403 1223 p.180.
453 1160 571 1208 ,Ἀπό
603 1166 684 1208 τοῦ
711 1162 793 1208 κίω
824 1163 991 1220 γίνεται
1021 1164 1127 1219 κίχω
1156 1163 1402 1221 βαρύτονον
1427 1168 1504 1212 καὶ

101 1285 109 1292 Α,
132 1228 501 1306 πηισπώμενον
541 1229 617 1274 καὶ
659 1228 811 1288 κίχημι
849 1229 1120 1289 παράγωγον
1148 1230 1246 1275 ΕΜ.
1285 1233 1361 1276 sed
1397 1234 1503 1279 illud

178 1297 517 1358 semiperfectum
546 1303 612 1341 est
640 1298 788 1341 aoristi
818 1297 1034 1350 Κίξαντες
1061 1296 1292 1352 ἐλθόντες,
1332 1298 1503 1354 Κίξατο

135 1359 231 1408 3¹*
254 1374 323 1423 μεν
347 1363 448 1409 Hes.
477 1371 522 1410 ut
547 1362 703 1420 Κιχείς
731 1363 996 1420 καταλαβων
1025 1372 1066 1410 et
1090 1369 1234 1411 venire
1261 1368 1412 1412 dicitur
1442 1376 1505 1414 at-

142 1439 147 1443 ’
221 1451 255 1476 ι
329 1427 359 1478 i.
388 1446 426 1477 e.
451 1433 667 1490 consequi.
726 1431 872 1476 Trium
903 1431 1085 1486 illorum,
1107 1431 1345 1493 Ἀρίχεται,
1369 1432 1504 1495 Ἀρό-

126 1507 226 1567 Ut
222 1496 471 1564 Ὀρῑχᾶται,
499 1512 607 1558 quae
622 1498 858 1555 Hesychius
887 1501 1033 1545 eodem
1059 1502 1182 1546 modo
1211 1503 1505 1560 interpretatur

181 1565 464 1631 ι’·ξέπιθνμεῖ,
493 1566 668 1610 indubia
698 1573 763 1610 est
788 1580 882 1610 cum
910 1564 1181 1624 ὀριγνᾶσθαι
1212 1571 1396 1614 societas
1426 1572 1504 1615 sed

140 1636 214 1680 ιι·ο
248 1633 451 1680 difficilis.
514 1631 633 1688 Ψίχω
676 1633 730 1676 ab
761 1632 980 1677 Eustathio
1011 1633 1144 1686 1071,
1174 1635 1214 1677 5.
1254 1636 1422 1692 fingitur
1450 1651 1503 1682 ex

85 1704 118 1715 ’
134 1716 175 1747 ιο
213 1699 297 1761 φίξ
319 1706 374 1745 ut
400 1699 501 1753 στίξ
539 1698 588 1744 ἐκ
616 1702 696 1744 τοῦ
737 1698 895 1755 στείχω
925 1699 1058 1754 στίχω
1090 1699 1189 1744 Sch.
1219 1700 1336 1760 Lips.
1367 1704 1423 1747 ad
1451 1703 1500 1748 11.

87 1769 208 1826 266.
267 1766 468 1814 Omicron
509 1768 677 1811 omnino
713 1768 758 1810 in
786 1767 976 1825 paralexi
1007 1781 1092 1811 non
1120 1771 1336 1825 reperitur.
1393 1770 1503 1815 Nam

103 1838 295 1885 Schol.
326 1836 406 1882 od.
433 1835 502 1880 lv.
531 1837 630 1880 222.
668 1836 770 1881 dicit
808 1833 1111 1895 καταβρώξειε
1149 1851 1224 1894 per
1264 1855 1288 1883 ο
1329 1840 1501 1897 longum

106 1907 275 1952 ndum
302 1917 402 1951 esse
431 1905 469 1948 si
498 1903 706 1960 significet
736 1900 987 1962 καταφάγῃ,
1015 1903 1133 1948 brevi
1164 1918 1266 1949 vero
1295 1909 1334 1950 si
1365 1925 1501 1951 κατα·

28 1978 30 1984 ’
74 1913 97 2026 ’.ιε
127 1971 221 2020 απὸ
244 1974 325 2019 τοῖ’
351 1968 514 2030 βρόχω,
543 1971 587 2015 id
617 1971 671 2015 ad
689 1984 832 2016 verum
862 1971 1015 2027 redigit
1030 1969 1272 2016 hustathms
1289 1973 1413 2026 1719,
1432 1975 1502 2019 57.

82 2038 86 2094 ᾗ
192 2037 318 2094 θέμα
354 2034 574 2096 ἄχρηστον
610 2041 691 2083 τοῦ
720 2035 1026 2094 ἀναβρόξειεν,
1068 2035 1119 2092 ἐξ
1151 2031 1204 2083 οὗ
1234 2040 1309 2084 καὶ
1339 2039 1363 2085 ὁ
1393 2040 1502 2098 βρό-

149 2102 225 2152 καὶ
252 2105 530 2163 βροχθίζειν,
564 2112 606 2149 et
632 2119 708 2163 pro
738 2105 814 2149 illo
842 2118 952 2148 nunc
981 2105 1178 2148 scribitur
1208 2106 1502 2166 καταβρόξειε

28 2155 46 2182 ι
91 2170 372 2231 ·βιβρώσκω
394 2173 572 2217 futurum
597 2173 699 2217 facit
715 2171 953 2230 βρωσομαι
981 2186 1008 2215 a
1036 2171 1216 2217 themate
1236 2170 1359 2232 βόρω
1392 2175 1503 2231 quod

28 2228 34 2252 ’
105 2242 268 2286 unctius
283 2240 448 2285 videtur
467 2240 597 2284 verbo
625 2239 842 2283 mordendi
862 2236 1024 2295 βρύκει),
1055 2238 1333 2298 καταβρύκω,
1365 2241 1500 2286 altero

71 2306 81 2339 '7
195 2308 334 2363 magis
371 2307 425 2350 ad
460 2306 665 2363 glutiendi
696 2305 1044 2362 significationem
1087 2307 1336 2359 inclinante,
1375 2322 1499 2366 quam

74 2374 253 2420 odotus
290 2373 476 2432 perfecto
514 2369 786 2432 ἀναβέβροχε
824 2371 966 2416 tribuit
1004 2372 1050 2416 ll.
1080 2372 1212 2416 XVII.
1247 2374 1317 2418 54.
1356 2375 1399 2420 id
1437 2383 1501 2420 est

28 2505 83 2621 I
98 2558 163 2607 35)
197 2558 256 2596 Ex
288 2569 334 2595 eo
358 2558 458 2604 quod
481 2557 632 2594 Scholio
662 2554 734 2593 Od.
754 2554 818 2591 IV.
845 2554 924 2591 277.
959 2559 1187 2604 περίστειξας
1209 2571 1295 2607 περι
1283 2561 1406 2604 ‘masc
1427 2559 1501 2596 ἀπὸ

28 2628 46 2673 {—
84 2618 245 2664 στίχειν
273 2614 310 2651 in
346 2614 429 2651 eod.
465 2613 567 2650 Harl.
595 2614 819 2660 adscriptum
854 2619 910 2648 est
938 2612 1174 2662 Ἀρίσταρχος
1205 2618 1390 2664 βραχέως,
1427 2628 1501 2652 non

34 2668 46 2678 ”
138 2676 166 2708 t
188 2682 269 2708 eum
294 2681 472 2718 praesens
497 2674 608 2718 στίχω
634 2671 808 2706 sumsisse
834 2682 901 2716 pro
925 2670 1059 2705 usitato
1087 2670 1154 2705 sed
1179 2671 1298 2717 potius
1322 2683 1345 2707 a
1369 2675 1500 2720 στείχω

29 2713 38 2746 ³
92 2735 231 2767 atum
254 2728 396 2776 putavit
419 2727 579 2764 adhibita
599 2728 739 2775 systole
765 2733 802 2762 ut
827 2727 953 2763 Senot.
969 2726 1008 2762 ιι.
1033 2726 1119 2762 xv,
1138 2727 1215 2764 704.
1242 2728 1501 2767 cram.1,222.

41 2824 44 2828 ,
106 2789 216 2835 μένοι
239 2783 531 2834 περικλειόμενοι
556 2787 794 2823 συνέσταλται
820 2783 870 2824 ὠς
894 2782 933 2820 τὸ
956 2786 1176 2833 περισιίξας.

40 2844 45 2855 )
1160 2841 1219 2884 5*
