1708 3126
332 198 436 243 Gar.
467 197 518 242 ll.
578 196 649 240 DE
679 195 879 240 VERBIS
910 192 1264 239 LABIALIBUS.
1473 196 1538 243 43

159 345 172 367 ,
211 311 392 364 πίπτω,
435 310 603 371 ῥίπτω,
642 325 814 368 quorum
855 311 936 354 duo
977 315 1189 368 postrema.
1227 308 1433 351 communi
1462 319 1542 350 usu

173 388 282 434 sunt,
309 386 482 426 caetera
510 381 668 431 minus3
699 381 778 422 τοῦ
809 375 959 422 ἶάπτω
990 374 1014 421 ὁ
1045 374 1230 428 ἐνεστώς
1256 373 1393 429 μόνος
1423 371 1544 433 εὑρί-

73 503 76 506 .
153 461 223 494 αι·
257 445 283 493 ὃ
313 446 399 506 γὰρ
438 443 650 504 ἀόριστος
690 441 783 489 ἀπὸ
820 447 900 489 τοῦ
927 443 1044 490 ἵπτω
1075 443 1224 500 γέγονε
1257 443 1372 486 κατὰ
1407 442 1544 486 πλεο-

70 510 78 515 Ἲ
129 517 217 575 μὸν
252 519 334 564 τοῦ
359 508 417 562 Tx-
441 514 540 559 EM.
576 514 686 566 464,
715 516 755 558 6.
801 513 940 558 Cram.
973 513 1004 556 1.
1045 514 1148 564 211,
1191 512 1231 556 4.
1274 512 1424 570 quibus
1461 511 1542 556 hoc

79 593 82 599 ’
147 587 263 631 arari
277 585 453 635 videtur,
482 585 720 641 praesentis
738 596 862 626 unam
879 595 976 625 esse
1002 582 1185 639 speciem
1201 577 1363 632 ἷάπτω,
1395 581 1543 624 aoristi

131 653 256 698 licem
284 649 400 709 ῗαψε
429 658 471 695 et
502 650 660 708 ἴψατο.
714 646 904 694 ’Κνίπτω
934 651 976 692 in
1014 649 1170 692 nosti-Is
1200 648 1322 691 libris
1359 661 1445 691 non
1474 661 1543 691 re-

72 725 76 733 “
120 722 206 767 fitur
237 720 315 765 sed
343 726 508 764 auctum
537 718 757 768 σκνίπτω,
790 714 1081 766 ἇποσκνίπω,
1122 713 1410 760 διασκνίπτω.
1453 713 1546 760 Λί-

39 803 45 837 .ῑ
113 805 150 833 ω
180 788 287 833 solis
315 788 451 846 poetis
481 798 751 836 concessum,
779 782 953 839 χρίπτω
978 782 1087 840 apud
1116 781 1432 839 Hippocratem,
1460 781 1546 826 He-

37 867 40 870 ·
102 855 262 908 dotum,
300 859 525 900 Aretaeum
542 852 710 908 legitur
739 852 910 908 saepius
950 849 1073 893 modo
1102 849 1166 892 sic
1196 850 1392 906 scriptum
1422 849 1546 894 modo

38 923 39 926 ’
75 923 279 981 ρι’μπτω,
331 934 412 966 nec
457 919 726 978 repudiarunt
778 918 970 962 rhetores
1015 917 1262 974 posterioris
1311 918 1464 960 aetatis
1507 931 1546 961 v.

203 1003 270 1035 en.
309 991 365 1035 ad
401 989 510 1034 Tim.
541 1003 579 1047 p.
616 988 711 1032 105.
771 987 818 1031 In
860 1004 885 1031 o
920 985 1219 1042 Theognostus
1256 999 1295 1043 p
1327 986 1422 1030 137.
1464 987 1545 1031 duo

111 1064 174 1102 ert
203 1055 358 1104 κόπτω
377 1056 453 1102 καὶ
481 1052 612 1102 σ’πτω
640 1056 690 1101 τὸ
724 1055 892 1111 βλέπω,
922 1055 1039 1110 quus
1061 1053 1202 1097 media
1229 1053 1367 1097 forma
1390 1053 1549 1113 περιό-

20 1127 22 1129 ’
47 1165 50 1167 .
117 1129 255 1171 εσθαι
282 1138 386 1170 usus
419 1131 484 1170 est
512 1124 765 1183 Apollonius
790 1121 909 1178 Synt.
926 1120 994 1164 IV.
1016 1122 1056 1167 3,
1088 1120 1186 1164 308.
1244 1120 1549 1179 Moschopulus

20 1175 154 1244 {ivero
192 1193 238 1237 in
263 1191 371 1238 Dict.
411 1193 496 1238 Att.
538 1192 620 1237 duo
663 1191 862 1235 duntaxat
899 1197 1087 1247 tempora
1124 1190 1281 1233 usitata
1317 1203 1414 1233 esse
1449 1190 1550 1234 dicit

12 1254 42 1335 ’,ἒς
83 1267 234 1318 ψομαι
272 1267 313 1305 et
350 1255 526 1316 ὦμμαι,
571 1260 647 1304 sed
652 1265 727 1325 —et
766 1259 914 1302 aoristi
958 1257 1150 1316 exempla
1189 1257 1323 1301 allata
1361 1265 1456 1301 sunt
1495 1259 1550 1302 ad

13 1326 62 1413 ’ἑὲ
89 1336 201 1374 uttm.
231 1330 329 1375 258.
386 1330 516 1375 Plura
544 1344 619 1388 per
656 1347 696 1380 υ,
730 1326 911 1385 γλύπτω
941 1328 1101 1372 Anecd.
1137 1327 1394 1372 Bachmann.
1421 1327 1471 1371 T.
1497 1328 1547 1371 11

13 1379 151 1474 ,ξᾷθᾲ
179 1398 264 1443 nisi
292 1398 373 1443 hoc
401 1397 517 1443 fluxit
551 1411 603 1442 ex
631 1398 786 1442 vitiosa
814 1397 1021 1454 scriptura
1048 1394 1145 1439 Eur.
1182 1394 1255 1438 Tr.
1278 1396 1417 1448 1297„
1448 1396 1553 1453 γρύ-

22 1458 184 1519 ζητειν
212 1469 502 1524 γρυποῢσθαι
523 1464 899 1522 συγκάμπτεσθαι
915 1462 1014 1507 Hes.
1048 1460 1214 1513 ὁύπτω,
1247 1461 1442 1521 δρύπτω,
1466 1462 1553 1508 θύ-

16 1539 156 1588 ’Ζξπτω
195 1532 248 1578 τὸ
292 1534 446 1593 τυφλῶ
490 1536 590 1611 (scr.
629 1534 775 1590 τυφῶ)
821 1531 1082 1587 Theognost.
1122 1544 1159 1587 p.
1200 1530 1298 1573 138.
1342 1530 1552 1588 θρύπτω,

15 1598 228 1668 mutiano,
262 1599 458 1660 κρύπτω,
488 1599 655 1658 ῥύητω,
687 1596 854 1642 τύπτω.
914 1598 1092 1641 Ultimae
1119 1597 1327 1642 vocalium
1356 1599 1436 1642 duo
1460 1607 1555 1643 sunt

57 1667 251 1725 exempla
278 1665 452 1712 θώπτω
485 1673 526 1710 et
556 1663 771 1716 σκώπτω,
807 1679 904 1709 nam
933 1664 1043 1723 quod
1074 1663 1267 1708 Zonaras
1297 1672 1338 1709 et
1367 1666 1552 1722 Gyrillus

56 1741 290 1794 proponunt
325 1731 517 1778 Λώπτω
555 1733 662 1785 (cod.
703 1730 861 1787 λώπω)
906 1733 1039 1789 πηὸὠ·
1086 1738 1127 1775 et
1168 1745 1276 1789 quae
1315 1732 1553 1790 Hesychius

58 1801 180 1849 offert
201 1799 442 1862 Δρώπτειν
471 1797 746 1851 διακόπτειν,
777 1800 1055 1851 διασκοπεῖν,
1076 1802 1143 1854 19)
1179 1796 1411 1858 Ἠριόπτει
1441 1802 1556 1846 σκώ-

20 1874 21 1877 ’
47 1885 186 1921 ,πτει,
226 1871 320 1929 pari
348 1869 491 1914 omnia
516 1867 772 1912 obscuritate
802 1866 1002 1911 obvoluta
1027 1866 1171 1910 latent.
1228 1866 1441 1912 Nonnulla
1468 1876 1556 1913 tres

19 1934 105 1982 “in
133 1938 246 1983 exitu
270 1936 482 1983 conson'as
521 1937 775 1992 constipant,
812 1932 1027 1993 μάρπτω,
1067 1932 1296 1989 σκίμπτω,
1332 1935 1555 1993 χρίμπτω.

20 2003 417 2089 „Diphthon—-gorum
452 2017 574 2048 usum
613 2009 775 2048 coartat
817 2000 1142 2047 Choerohoscus
1179 2017 1219 2061 p.
1250 2003 1346 2047 199
1387 2011 1428 2047 et
1457 2003 1555 2049 249.

15 2069 24 2130 ,²
59 2074 118 2120 τὰ
159 2072 226 2128 εἷς
263 2091 363 2120 πτω
403 2071 589 2133 λήγοντα
633 2071 812 2131 ῥήματα
853 2069 917 2116 ἑνὶ
961 2070 1181 2131 φωνήεντι
1219 2072 1559 2132 παραλήγονται

7 2203 10 2205 ‚
36 2187 38 2190 ,
61 2142 180 2202 πλὴν
208 2145 288 2188 τοῦ
318 2138 582 2225 democham,
609 2140 683 2184 sed
714 2139 795 2184 hoc
819 2139 955 2183 fictum
984 2154 1035 2184 ex
1062 2142 1220 2185 aoristo
1254 2137 1556 2199 ἀνηρείψαντο

0 2210 1 2229 ³
30 2217 104 2255 ”et
133 2206 477 2268 ἀνερειψαμενη,
507 2209 575 2252 cui
593 2208 851 2266 praepositio
875 2207 989 2251 addit
1006 2208 1357 2264 significationem
1376 2210 1558 2267 simplici

0 2273 1 2278 ¹
64 2279 330 2322 contrariam.
388 2275 496 2319 Nam
527 2282 570 2319 ut
596 2274 724 2328 μύειν
757 2274 967 2331 significat
995 2273 1044 2319 τὸ
1078 2271 1315 2331 καμμύειν,
1348 2272 1561 2331 ἇναμύειν

5 2363 8 2367 ·
63 2357 179 2397 vero,
209 2344 321 2402 quod
351 2344 395 2386 in
429 2341 558 2386 Thes.
588 2343 809 2393 omissum,
839 2341 890 2386 τὸ
922 2338 1190 2398 ἀναβλέπειν
1221 2342 1339 2386 Suid.
1371 2351 1412 2387 et
1441 2342 1561 2388 δύειν

63 2424 256 2469 mergere
284 2424 357 2462 se,
402 2406 612 2454 ἅναδύειν
650 2422 890 2465 emergere,
931 2408 1147 2467 σφάλλειν
1181 2411 1234 2454 ad
1270 2423 1414 2454 casum
1446 2411 1561 2462 dare,

4 2494 8 2501 ’
66 2475 375 2539 ἅνασφάλλειν
411 2491 655 2534 resurgere,
694 2476 842 2521 eodem
879 2476 1002 2520 modo
1045 2475 1230 2534 ἐρεῖψαι
1272 2485 1336 2522 est
1365 2478 1561 2534 dejicere,

164 2700 223 2744 19)
256 2697 452 2748 Δρόπτειν
483 2698 513 2734 si
537 2709 604 2744 pro
632 2701 788 2733 σκοπεῖν
812 2697 944 2732 dictum
974 2701 1041 2737 est,
1067 2705 1089 2729 a
1111 2694 1206 2742 ὃρᾷν
1234 2694 1439 2729 derivatum
1464 2694 1564 2729 vide-

73 2763 143 2801 tur,
170 2757 218 2792 de
245 2767 318 2803 quo
346 2756 423 2793 dixi
445 2757 481 2791 in
496 2754 633 2791 Parall.
653 2753 727 2790 118.
754 2754 783 2789 si
809 2764 877 2799 pro
903 2750 1125 2795 διακόπτειν,
1154 2762 1233 2787 cum
1263 2752 1387 2799 δρέπω
1414 2748 1562 2799 ‹Quinto›

3 2820 28 2852 ’,
70 2813 255 2851 cohaeret.
