1708 3126
244 218 311 265 20
715 212 1181 258 DISSERTATIO
1228 214 1257 257 1.

245 329 343 372 nino
373 326 651 382 recipiendum
682 327 754 376 sit,
796 338 847 368 ex
874 325 1057 381 perfecto
1089 326 1284 370 reflexum
1318 327 1418 371 dicit
1452 340 1566 371 more
1595 341 1681 383 syr

245 406 415 439 cusano.
472 391 553 435 Pro
588 388 815 447 Ἑψίονται
853 387 1212 449 ἀκολουθήσουσι
1251 392 1350 437 Hes.
1386 393 1522 451 placet
1555 393 1681 438 Mus¹

245 460 448 504 correctio
483 455 713 514 ἓψείονται
741 457 875 500 forma
903 458 1021 501 verbi
1049 459 1331 503 desiderativa
1358 467 1401 504 ut
1429 457 1589 517 ὃψείω.

356 564 394 619 ξ.
425 563 463 605 5.
508 561 735 605 Verborum
766 563 808 605 in
840 581 900 606 οω
930 563 1231 618 bisyllaborum
1265 565 1473 609 Arcadius
1507 572 1546 609 et
1576 565 1685 609 The

243 638 417 689 gnostus
445 629 601 672 nullum
630 629 858 687 exemplum
887 638 1086 687 promunt,
1114 644 1236 674 unum
1253 630 1396 676 Schol.
1413 633 1466 675 A.
1498 633 1552 676 ad
1581 632 1628 674 ll.
1647 626 1683 673 V

242 699 342 742 500
378 697 453 740 sed
489 696 741 740 dubitanter:
782 694 885 752 γόον
915 692 1011 740 ἀντὶ
1040 698 1118 739 τοῦ
1157 697 1270 752 γόων
1297 695 1581 755 συνεστάλη’
1566 697 1651 756 'ja
1653 718 1687 743 n.

241 763 502 822 βαρυτόνου.
560 762 622 806 Ex
650 762 746 805 ΕΜ
763 763 858 814 238,
888 764 956 806 23.
987 764 1252 818 cognoscitur
1279 764 1395 807 illam
1423 764 1555 808 fuisse
1583 765 1681 823 Ap«

241 832 346 876 lonii
386 831 652 880 sententiam,
690 829 968 873 Herodianum
1005 844 1105 873 vero
1143 830 1195 873 ad
1235 833 1434 874 aoristum
1473 831 1688 888 inclinass-

242 897 562 941 Choeroboscus
597 894 726 952 Epim.
771 897 812 938 in
858 896 1011 939 Psalm.
1049 911 1087 953 p.
1117 897 1184 939 58.
1224 895 1318 939 ΕΜ.
1351 896 1448 948 244,
1478 898 1518 942 6.
1559 901 1622 954 γῶ
1662 920 1689 946 r,

241 966 377 1022 φωνῶ
415 960 492 1021 ἀφ’
530 955 582 1006 οὗ
619 961 668 1004 τὸ
709 960 926 1017 γεγωνώς,
969 976 1102 1019 neque
1142 963 1264 1006 aliter
1300 965 1422 1008 sentit
1458 963 1617 1008 Goraes
1660 970 1687 1016 a}

238 1030 345 1074 Plut.
376 1029 427 1073 T.
457 1029 506 1072 ll.
537 1028 634 1072 465.
674 1030 742 1084 qui
780 1036 820 1071 et
855 1031 967 1084 βοᾶν
1007 1031 1278 1074 θῐαιονίῐίιιιῐι
1319 1029 1492 1086 γοάζειν
1534 1031 1587 1074 ad
1623 1029 1689 1086 γό-

237 1097 379 1140 refert.
424 1094 580 1139 Eadem
605 1097 890 1138 controversia
905 1103 967 1138 est
989 1098 1104 1140 circa
1117 1096 1357 1141 Hesiodium
1374 1094 1575 1147 λόεσθαι,
1605 1111 1677 1154 qu

237 1164 468 1208 Passovius
499 1162 688 1206 λοέσθαι
718 1162 846 1205 scribi
874 1162 960 1206 vult
987 1163 1085 1206 licet
1111 1164 1337 1220 praecedat
1365 1163 1438 1206 illo
1467 1163 1563 1207 loco
1591 1177 1665 1221 pra

240 1245 339 1275 sens
370 1228 533 1278 ἔσθειν,
563 1228 753 1284 idemque
786 1230 830 1271 in
861 1228 1005 1272 Scolio
1034 1228 1152 1272 XXl.
1185 1231 1280 1274 λοεῖ
1303 1231 1474 1286 corrigit
1501 1243 1575 1287 pro
1607 1229 1689 1290 ›ici-s]

238 1297 509 1341 Buttmannus
538 1309 639 1339 vero
673 1302 816 1338 censet
853 1295 1055 1352 duplicem
1098 1297 1228 1340 fuisse
1266 1298 1500 1353 praesentis
1525 1298 1691 1354 specie

238 1362 331 1407 λόω
364 1370 404 1407 et
441 1362 574 1412 λοὲω,
612 1362 720 1405 unde
760 1363 894 1404 λῶντο
938 1370 977 1405 et
1007 1360 1174 1405 λώοντο
1211 1364 1253 1406 in
1284 1361 1531 1407 Callimachi
1561 1363 1688 1420 hyml·

556 1491 994 1508 -------

718 1529 727 1546 ν
1093 1529 1101 1538 ·
1683 1517 1692 1535 ¹

236 1561 333 1605 EM.
363 1561 465 1613 147,
492 1561 560 1605 45.
594 1560 805 1604 TheodoS.
838 1561 932 1604 191.
971 1560 1085 1605 Eust.
1116 1562 1245 1614 1723,
1281 1562 1347 1605 15.
1385 1563 1459 1606 sed
1497 1564 1619 1606 modo
1656 1560 1682 1607 o

235 1630 407 1672 nomina
432 1627 561 1682 βόσις
597 1634 637 1671 et
667 1625 820 1682 βοτόν,
860 1634 900 1670 et
937 1626 1064 1671 πτόω
1101 1635 1266 1685 propter
1302 1627 1519 1673 πέπτωκα
1549 1630 1686 1673 Anec·

234 1692 584 1738 Bachm.ll.357.
642 1692 792 1736 Iustius
817 1693 896 1737 huc
925 1696 1210 1750 reposuissent
1238 1695 1360 1744 διδῶ,
1391 1693 1691 1751 ου]ιιεέθοιιιιιὲ’

237 1768 279 1805 et
306 1763 428 1804 tertia
455 1773 637 1817 persona
663 1773 746 1803 non
776 1760 908 1803 solum
934 1767 1081 1817 poetae
1118 1767 1282 1804 utuntur
1325 1762 1482 1819 antiqui
1510 1769 1552 1806 et
1577 1763 1692 1821 scrip

236 1835 349 1871 tores
376 1829 504 1871 ionici
537 1827 611 1869 sed
641 1828 765 1869 etiam
795 1826 1107 1883 Theophrastus
1129 1827 1253 1870 Caus.
1272 1826 1339 1869 lV.
1370 1827 1436 1878 12,
1465 1827 1506 1871 4.
1536 1829 1609 1873 sed
1634 1827 1686 1886 pf..

231 1891 282 1936 Ὁ
312 1894 400 1937 δῶν
429 1890 452 1937 ὁ
485 1892 588 1943 δούς
616 1891 714 1935 Hes.
739 1894 826 1948 Jam
855 1892 1066 1936 Porsonus
1092 1893 1146 1936 ad
1168 1892 1283 1936 Phot.
1307 1892 1446 1937 Praes-
1466 1893 1614 1952 p.xl1.
1643 1909 1667 1938 e

234 1959 352 2018 Lips.
383 1959 615 2002 emendavit
636 1955 749 2002 ὀδών
779 1957 923 2009 ὂόούς.
983 1957 1115 2002 Ζόειν
1144 1959 1253 2016 apud
1267 1959 1446 2003 Theocr.
1464 1959 1623 2004 XXIX.
1650 1979 1693 2008 a„

236 2026 427 2082 aliosque
456 2032 670 2083 poetarum
700 2025 864 2081 legitur,
894 2039 997 2082 quos
1022 2025 1289 2069 Buttmannus
1318 2029 1524 2079 nominat3
1557 2026 1630 2082 ζόε
1683 2060 1694 2083 4

237 2094 345 2151 ζῆθι
371 2091 471 2135 Hes.
501 2092 621 2144 Quod
662 2092 771 2135 idem
801 2091 919 2134 affert
947 2088 1142 2134 Ζούσθω
1182 2091 1439 2146 ζωννύσθω,
1483 2094 1536 2137 ad
1565 2094 1690 2141 homu

233 2173 399 2215 nymum
432 2158 516 2212 ζόω
546 2159 733 2215 pertinet
766 2159 880 2214 quus
909 2159 1089 2213 vestigia
1121 2160 1260 2202 omnia
1290 2158 1449 2203 abolita
1476 2167 1581 2204 sunt.
1611 2160 1644 2203 E
1665 2152 1694 2203 Σὲ

232 2225 428 2278 460,14.
461 2227 533 2268 θῶ
574 2224 624 2268 τὸ
665 2223 932 2278 εὐωχοῦμαι,
973 2221 996 2266 ὁ
1027 2224 1197 2279 μέλλων
1233 2224 1391 2276 acham,
1423 2223 1499 2284 ἀφ’
1529 2243 1581 2270 ου
1607 2215 1693 2283 Af

234 2296 347 2350 ριεῖς
374 2294 574 2341 effluam,
606 2292 675 2348 qui
702 2291 923 2333 infinitivus
954 2304 1005 2333 ex
1034 2290 1246 2346 Aeschylo
1276 2293 1368 2348 ipso
1397 2292 1582 2345 affertur,
1611 2297 1671 2336 θ’

235 2375 372 2414 σομαι
410 2372 462 2402 ex
488 2356 736 2415 Epicharmo
773 2372 811 2401 v.
843 2356 1010 2400 Ahrens
1035 2355 1147 2400 Dial.
1180 2357 1268 2400 dor.
1295 2357 1391 2403 343.
1427 2360 1553 2403 activi
1589 2373 1638 2403 ve
1672 2379 1689 2403 ,,

233 2424 425 2478 exempla
463 2424 608 2468 desunt
645 2431 811 2483 praeter
843 2424 1013 2475 θῶξαι,
1051 2423 1159 2479 quod
1197 2423 1270 2466 ille
1311 2424 1365 2467 ad
1399 2423 1529 2483 θήγω
1565 2426 1654 2470 refe
1683 2429 1694 2463 ἓ

233 2490 321 2535 Sed
352 2493 527 2549 suppetit
562 2493 685 2549 copia
713 2492 1023 2547 conjugatorum
1055 2491 1254 2546 θῆσθαι,
1297 2487 1519 2547 εὐθηνεῖν,
1558 2494 1642 2536 Sol
1687 2495 1689 2497 ’

232 2555 368 2616 Κρόω
397 2571 472 2615 pro
504 2555 650 2615 κρούω
676 2558 830 2613 legitur
847 2559 888 2601 in
908 2558 1069 2600 cantico
1091 2554 1304 2599 Laconum
1318 2556 1447 2600 Arist.
1462 2556 1563 2614 Lys.
1580 2559 1635 2600 12
1672 2558 1694 2598 3³-

232 2625 436 2668 Νένωται
465 2624 571 2681 apud
588 2623 894 2668 Anacreontem
923 2629 963 2666 et
987 2621 1236 2678 Sophoclem
1253 2621 1515 2667 Herodianus
1544 2626 1587 2667 in
1606 2623 1641 2667 E

232 2689 328 2740 601,
356 2690 424 2732 20.
455 2690 612 2733 dubitat
640 2697 771 2734 utrum
791 2704 843 2733 ex
870 2684 1070 2744 νενόηται
1099 2694 1351 2732 contractum
1376 2702 1431 2733 an
1459 2703 1487 2734 a
1515 2690 1602 2734 νόω
1630 2690 1695 2734 v»d²

232 2755 427 2799 clinatum
467 2757 540 2799 sit:
586 2754 680 2800 ἔστι
717 2756 800 2814 γὰρ
835 2757 895 2799 νιῦ
935 2754 1055 2811 ῥῆμα
1093 2753 1241 2811 τρίτης
1277 2754 1492 2811 συζυγίας.
1550 2758 1670 2813 Δημ
