1728 3120
244 184 343 231 224
671 175 1141 220 DISSERTATIO
1185 177 1299 222 XIII.

244 292 319 335 His
349 290 503 333 sensim
533 293 800 330 accreverunt
829 284 1007 342 ἇγνίζω,
1037 285 1263 346 ἷσχυρίζω,
1301 291 1490 345 mugio,
1523 289 1713 352 ὡραΐζα.

242 374 343 411 μαι,
385 369 475 399 cum
502 353 742 397 verbalibus
773 352 984 406 στατίζω,
1021 354 1216 412 φατίζω,
1256 352 1493 412 εὖθετίζω,
1529 359 1709 417 aliisquo

243 422 464 478 synthetis‚
501 416 778 471 ἂθανατίζω,
816 419 1081 474 παννυχίζει),
1126 418 1438 479 ἆγροικίζομαι
1474 431 1552 470 eto,
1608 426 1712 471 Pro..

241 491 408 533 nomina
444 500 470 530 a
500 486 639 530 verbis
669 486 997 542 progenerandis
1024 487 1266 540 abhorrent,
1300 503 1428 546 quare
1458 490 1709 548 ApollonIus

241 557 290 599 de
324 555 427 598 Adv.
450 553 544 596 538.
579 560 618 596 et
647 553 907 596 Herodianus
937 568 983 596 π.
1015 557 1132 597 Μον.
1156 554 1223 597 28.
1256 558 1524 612 exsignarunt
1551 573 1708 616 σφετε-·

238 621 429 679 ρίζομαι.
488 620 592 664 Nam
622 619 837 672 ταυτίζειν
872 626 912 662 et
941 618 1238 677 περιαυτίζειν
1275 635 1327 666 ex
1364 622 1524 668 duobus
1562 624 1710 674 divisis

237 692 280 732 in
309 702 430 731 unum
457 688 698 730 coaluerunt
725 693 768 729 ut
796 685 1093 743 σκορακίζειν,
1137 683 1520 745 ἅποσκορακίζειν.
1576 689 1708 736 Unum

237 759 334 800 item
368 756 420 798 ab
461 754 818 811 epimerizomenis
859 749 1160 810 ἂμφοτερίζω,
1204 753 1560 812 ε’παμφοτερίζω.
1619 756 1706 802 Nec

236 825 329 881 plus
367 836 448 865 uno
491 835 518 864 a
556 822 834 878 comparativo
879 818 1133 874 νεωτερίζω.
1202 818 1372 864 Tertiae
1414 821 1707 868 declinationis

234 891 545 934 terminationes
564 888 787 944 pleraeque
816 886 1044 942 paragogis
1076 886 1412 931 accommodatae
1433 895 1548 933 sunt:
1584 893 1706 946 <Deam

234 957 337 1010 νίζω
366 956 415 1000 τὸ
438 954 697 1011 σωφρονίζει)
723 952 820 995 Hes.
842 951 1027 1008 ψηνίζω,
1059 948 1279 1005 αὖχενίζω,
1312 954 1562 1008 δαιμονίζω,
1593 953 1706 1011 ἄγω,

233 1023 357 1078 νίζω,
398 1019 656 1077 κληδονίζω,
693 1017 1237 1076 τερηόονίζω-χειρίζω,
1275 1018 1466 1073 ποὸίζω,
1510 1022 1703 1079 φωτίζει),

234 1089 469 1149 φθειρίζω,
500 1084 698 1141 ἇνὸρίζω,
717 1084 980 1142 μυκτηρίζω,
1002 1084 1603 1144 χαρακτηρίζω-κελητίζω,
1633 1089 1705 1132 λε-

230 1152 656 1213 βητίζω-κτενίζω,
687 1147 1152 1215 οὖδενίζω-7Ξο-λίζω,
1177 1148 1353 1207 ὑβρίζει),
1383 1153 1598 1207 σπανίζει),
1628 1154 1704 1198 sed

233 1239 285 1269 ex
314 1225 494 1268 maxima
522 1223 643 1278 copia
677 1221 885 1263 nominum
913 1221 957 1261 in
985 1235 1055 1269 σις
1091 1220 1323 1262 exeuntium
1351 1219 1453 1273 duo,
1492 1236 1577 1266 non
1614 1237 1701 1267 am-

230 1293 352 1350 plius,
385 1290 465 1333 huc
482 1287 644 1332 deflexa
667 1294 771 1337 sunt,
802 1283 1141 1342 προφασίζομαι
1162 1292 1201 1327 et
1230 1284 1527 1340 νεμεσίζομαι.
1581 1288 1701 1335 Haud

230 1361 364 1401 minus
395 1357 499 1399 uber
525 1361 746 1411 proventus
777 1365 918 1395 eorum
954 1364 1060 1407 quae
1091 1351 1245 1408 duplIci
1271 1351 1484 1396 finiuntur:
1525 1354 1700 1412 ῥαγίζω,

229 1423 484 1483 ὄμφακίζω,
516 1419 719 1473 οἶακίζω,
748 1417 1022 1476 ναρθηκίζω,
1053 1413 1265 1483 ὂνιὲίζιὲ
1284 1417 1701 1483 π-ν-ῑ-ερυγίζω-ῥω,

229 1494 364 1547 πίζω,
394 1489 667 1546 μωλωπίζω,
699 1495 739 1532 et
768 1486 1015 1530 neutralium
1047 1489 1090 1530 in
1118 1503 1164 1536 α,
1196 1503 1273 1544 αρ,
1307 1503 1360 1538 ας
1388 1495 1429 1532 et
1462 1479 1534 1540 ἦ,
1564 1491 1700 1546 γαλα-

229 1560 379 1615 κτίζω,
408 1556 587 1613 ἐαρίζω,
626 1553 879 1611 μυμαρίζω,
910 1550 1131 1610 ἡπατίζω,
1166 1551 1400 1610 κερατίζω,
1436 1553 1594 1610 ἆγίζω,
1620 1573 1700 1611 με-

228 1629 352 1684 λίζω,
384 1625 572 1685 θερίζω,
604 1621 756 1677 ὂξίζω,
787 1621 980 1677 τειχίζω,
1019 1629 1226 1679 postremo
1258 1635 1399 1666 eorum
1428 1636 1535 1680 quae
1564 1626 1608 1667 in
1631 1615 1699 1677 ᾖᾶ

227 1698 439 1740 desinunt:
471 1705 641 1750 quorum
669 1690 870 1734 nonnulla
898 1691 1131 1733 necessitas
1160 1690 1316 1745 peperit
1344 1695 1387 1732 ut
1419 1685 1696 1746 ἆρωματίζω,

223 1760 497 1820 χρηματίζει),
536 1756 864 1815 τραγηματίζω,
911 1755 998 1798 alia
1033 1754 1252 1798 verborum
1294 1756 1590 1811 primitivorum
1627 1757 1696 1800 vel

223 1837 410 1885 tempora
447 1825 636 1883 supplent
667 1824 737 1867 vel
772 1822 1115 1878 significationem
1145 1823 1380 1865 accuratius
1410 1821 1696 1876 determinant,

222 1886 832 1952 τραυματίζωΞτιτρώσκω,
862 1885 1358 1945 χρωματίζωεχρώζω
1397 1894 1437 1931 et
1462 1887 1694 1946 χρώννυμι,

222 1952 876 2014 θαυματίζομαιεθαυμάζω,
917 1955 1175 2009 omnIumque
1214 1954 1482 1998 novissimum
1514 1958 1694 2011 βρωμα-

221 2020 647 2078 τίζωεβιβρώσκω,
678 2027 717 2062 et
745 2019 875 2062 verba
898 2018 1067 2061 scholae
1099 2018 1421 2076 ἐρωτηματίζω,
1451 2020 1692 2075 θεματίζω,

221 2090 497 2149 λημματίζω,
538 2084 886 2148 προλημμὲξίζω
900 2084 1268 2148 ἑίςηίίίοᾶηῑὶῡΐᾶ
1294 2086 1510 2140 primitivis
1540 2085 1694 2142 ἐρωτῶ

220 2168 296 2204 etc.
355 2157 634 2201 Substantivis
664 2155 707 2196 in
737 2170 800 2210 ωρ
831 2160 870 2196 et
899 2169 970 2204 ευς
997 2152 1128 2196 verba
1157 2152 1349 2208 adjuncta
1371 2166 1467 2197 esse
1491 2167 1575 2198 non
1604 2169 1691 2198 me·-

219 2230 332 2278 mini‚
360 2230 525 2282 praeter
551 2219 785 2276 βασιλίζω,
818 2219 1178 2273 ὁιαβασιλίζομαι
1209 2225 1250 2262 et
1274 2218 1560 2276 γραμματίζω
1589 2222 1618 2263 i.
1650 2236 1690 2278 q.

219 2286 532 2351 γραμματεύω,
570 2300 741 2343 quorum
777 2285 880 2327 nulli
913 2293 1056 2328 auctor
1096 2288 1286 2341 antiquus
1327 2284 1457 2328 adest.
1515 2285 1583 2328 Ab
1614 2287 1689 2342 ad-

212 2361 377 2417 Jectivis
414 2355 616 2398 fluxerunt
655 2351 865 2405 ἆολλίζω,
902 2351 1151 2409 μακαρίζω,
1189 2349 1437 2407 σαφηνίζω,
1471 2351 1690 2410 χαριεντί-

220 2428 371 2481 ζομαι,
407 2422 554 2479 quibus
586 2420 766 2462 deterior
804 2425 921 2462 aetas
954 2419 1067 2461 addit
1105 2416 1342 2469 ταλανίζω,
1385 2430 1411 2460 a
1446 2419 1700 2474 compositis

216 2492 366 2547 ὥςπερ
395 2487 485 2533 ἀπὸ
516 2489 594 2530 τοῦ
619 2483 792 2542 εὐγενής
821 2483 984 2540 γίνεται
1009 2480 1209 2538 εὖγενίζω
1237 2482 1310 2525 καὶ
1341 2479 1432 2526 ἀπὸ
1462 2485 1541 2526 τοῦ
1566 2481 1686 2527 εὖτε-

215 2556 295 2615 λής
324 2552 539 2607 εὖτελίζω,
571 2550 685 2595 οὕτω
718 2550 790 2594 καὶ
820 2547 972 2607 ἀεικής
1001 2545 1177 2600 ἇεικίζω
1207 2546 1302 2590 ΕΜ.
1328 2550 1397 2600 22,
1425 2547 1466 2590 5.
1509 2547 1599 2592 Hoc
1629 2550 1684 2592 ad

213 2630 358 2681 poetas
386 2620 657 2676 relegandum
685 2625 748 2661 est
779 2630 863 2660 una
891 2629 982 2659 cum
1011 2611 1265 2666 εὖκλεΐζειν,
1310 2622 1478 2658 caetera
1506 2615 1560 2657 ad
1591 2615 1682 2659 dia-

212 2691 363 2732 lectum
382 2687 615 2743 vulgarem‚
656 2698 761 2742 quae
801 2683 880 2726 hoc
907 2694 1060 2737 genere
1099 2679 1300 2723 abundat:
1340 2677 1564 2738 ἀσφάλεια
1598 2681 1682 2737 μὲν

215 2755 289 2798 καὶ
315 2750 519 2811 ἀσφαλὴς
559 2749 781 2808 ἑλληνικὰ,
822 2747 870 2792 τὸ
913 2747 962 2792 δὲ
1001 2743 1230 2804 ἆσφαλίζω
1264 2745 1492 2804 βάρβαρον
1522 2746 1678 2790 Anecd.
