1728 3120
546 167 619 212 DE
648 165 888 212 VOCABB.
920 165 1077 211 SENS.
1461 170 1560 218 345

0 277 14 294 ι’
63 266 159 345 spu
188 283 340 340 fluetus
374 284 424 327 in
459 295 504 327 se
534 284 785 338 provolvere
823 284 976 337 eoepit,
998 283 1068 336 ²³)
1109 282 1175 326 cui
1211 281 1306 327 loco
1335 280 1563 327 Jacobsius

0 346 15 370 '¹
63 344 300 402 imminent.
330 350 386 394 ad
414 349 542 394 Anth.
574 349 645 393 Gr.
671 349 724 394 T.
746 349 821 393 IX.
846 349 944 393 340.
973 356 1013 393 et
1043 349 1195 394 Adnot.
1230 350 1283 394 ad
1313 350 1438 394 Anth.
1467 350 1560 395 Pal.

62 420 111 500 p.
135 417 235 462 314.
269 419 404 462 minus
435 424 529 476 apte
565 419 773 474 componit
813 418 923 474 quod
952 415 1155 472 Virgilius
1194 418 1295 462 dixit
1334 421 1466 462 caecis
1494 432 1560 462 er-

0 496 12 535 ’o
60 496 219 538 §umus
247 488 296 530 in
323 487 472 536 undis,
495 489 562 538 2⁴)
593 498 690 528 nam
719 485 788 529 hic
825 485 1035 542 epitheton
1071 498 1097 529 a
1125 487 1264 529 nautis
1293 486 1474 529 traduxit
1506 486 1562 530 ad

0 564 11 601 Β
60 553 217 612 findite,
237 555 307 608 ²⁵)
336 554 444 597 sicut
475 550 697 610 Euripides
727 552 896 611 τυφλὸς
930 550 1068 604 πούς,
1107 551 1252 611 τυφλὴ
1274 552 1369 610 χείρ
1403 554 1456 597 ab
1486 553 1563 598 ho-

0 631 14 665 t.
39 619 181 682 {hine
211 620 267 664 ad
295 619 543 672 membrum3
577 620 725 678 quibus
756 621 959 678 exemplis
982 619 1208 677 Elmslejus
1232 621 1284 664 ad
1301 620 1415 664 Med.
1435 622 1560 665 1152.

9 705 12 706 ⁷
38 682 154 741 §hon
169 687 385 732 commode
402 687 590 731 defendit
605 683 796 732 ἄναυδον
822 684 943 743 ὄμμα
962 688 1197 732 moribundi
1213 689 1448 745 cujusdam3
1476 704 1563 734 non

0 775 10 796 μ
40 757 180 807 {mim
209 755 322 800 oculi
349 755 532 800 hominis
562 757 741 799 tacentis
764 755 1052 812 significantur
1073 756 1147 799 sed
1176 758 1244 813 qui
1269 758 1349 814 ipsi
1381 759 1560 802 extincto

0 831 13 863 ι
65 824 216 880 'uigore
241 830 382 869 tacent
410 822 491 868 hoc
517 830 582 868 est
602 823 760 867 nullum
790 826 917 867 animi
945 825 1138 881 vitaeque
1162 824 1361 868 indicium
1390 825 1561 878 faciunt,

0 918 13 950 ·.·
40 891 217 950 gqnales
247 898 288 936 et
324 905 404 936 nos
443 891 618 935 dicimus
652 893 861 935 inanimos
893 898 1016 948 atque
1048 898 1196 936 mutos.
1255 890 1318 936 Ex
1349 895 1561 938 contrario

0 967 14 1000 t*
53 950 168 1004 ἷκτο
194 957 382 1003 κωτίλον
409 954 534 1015 ὄμμα
563 958 689 1002 Anth.
721 961 832 1003 oculi
860 960 1050 1014 loquaces
1083 958 1241 1002 Tibull.
1272 973 1309 1003 v.
1333 959 1560 1005 Schrader.

39 1025 247 1091 5'Animm.
280 1026 334 1070 ad
362 1025 475 1070 Mus.
509 1040 548 1085 p.
578 1026 675 1070 207.
732 1025 786 1070 Et
809 1039 894 1070 non
924 1026 1059 1069 solum
1089 1026 1201 1070 oculi
1230 1028 1385 1082 arguti,
1416 1041 1559 1084 quem-

0 1093 288 1163 fiffflmodnm
325 1096 466 1139 animo
505 1094 644 1138 affecti
683 1095 836 1143 simus,
878 1093 1102 1150 loquuntur
1143 1093 1218 1137 sed
1258 1101 1367 1138 totus
1407 1096 1559 1150 vultus,

3 1153 234 1227 ⁴{gestum
270 1161 439 1206 habitus
482 1163 696 1219 corporis3
739 1161 849 1205 unde
891 1161 1084 1205 crebrum
1125 1161 1231 1204 illud
1269 1165 1373 1217 σῖγα
1417 1163 1560 1219 λέγειν

36 1229 242 1289 ,ftacmdo
270 1230 406 1274 dicere
443 1236 484 1274 et
513 1229 602 1274 alia
640 1243 842 1285 oxymora
874 1242 914 1272 v.
943 1228 1115 1273 Jacobs.
1149 1229 1203 1272 ad
1231 1228 1354 1272 Anth.
1385 1229 1477 1274 Vol.
1507 1231 1558 1275 Π.

35 1295 290 1350 ¹„2P.111.82.
349 1295 438 1341 Nec
468 1298 591 1342 modo
624 1298 741 1354 loqui
772 1297 963 1340 dicuntur
985 1298 1092 1340 oculi
1124 1297 1200 1340 sed
1227 1298 1352 1340 etiam
1383 1298 1559 1355 ligurire

38 1369 109 1410 ‘fut
136 1363 281 1420 λίχνον
309 1361 447 1420 ὄμμα,
478 1365 529 1409 de
560 1379 642 1423 quo
675 1365 786 1408 idem
816 1363 909 1408 Vol.
944 1364 975 1407 I.
999 1364 1069 1408 58.
1126 1364 1243 1409 Haec
1273 1367 1400 1421 igitur
1428 1375 1560 1412 meta-

0 1454 4 1463 =
62 1431 199 1491 phora
222 1438 288 1476 est
317 1445 345 1476 a
373 1432 516 1476 simili.
574 1433 631 1476 At
659 1431 827 1491 τυφλὸς
856 1430 972 1483 πούς
1000 1443 1083 1475 non
1123 1439 1186 1476 est
1217 1434 1368 1477 similis
1403 1438 1559 1495 τυφλῷ

30 1525 35 1530 ·
64 1499 143 1548 ned
169 1513 246 1558 pes
263 1499 445 1544 hominis
474 1500 701 1544 luminibus
722 1502 845 1558 capti.
903 1499 1144 1557 Eodemque
1170 1501 1294 1544 modo
1311 1500 1428 1558 Virg.
1449 1504 1558 1548 Aen.

0 1606 2 1610 ,
63 1565 134 1611 lv.
158 1567 256 1612 364.
314 1568 484 1612 Aenean
504 1569 616 1612 Dido
642 1575 839 1623 pererrat
860 1569 1088 1611 luminibus
1117 1570 1253 1612 tacitis
1276 1568 1356 1612 hoc
1387 1578 1451 1614 est
1466 1573 1562 1629 ipsa

36 1636 195 1683 ,tacita
234 1636 414 1679 intuetur
453 1635 588 1680 oculis
622 1638 788 1679 minime
830 1637 972 1680 tacitis
1003 1635 1079 1678 sed
1120 1637 1247 1679 animi
1288 1644 1422 1682 motus
1462 1653 1560 1697 pro-

65 1702 281 1756 dentibus3
311 1709 352 1747 et
370 1698 571 1747 ἀνάκτων
595 1699 842 1757 αὐτόματοι
862 1701 1050 1762 κήρυκες
1069 1699 1280 1754 ἆναυδέες
1300 1702 1412 1749 εἶσιν
1435 1702 1561 1750 ὅπω-

63 1770 153 1816 παί
174 1769 309 1815 Nonn.
326 1769 397 1814 III.
410 1771 509 1814 225.
540 1770 741 1826 σιγαλέοι
768 1785 844 1815 σεο
865 1770 1037 1822 πένθος
1057 1766 1412 1826 ἀπαγγέλλουσιν
1436 1770 1561 1819 ὄπω-

63 1836 155 1884 παί
177 1836 329 1882 XVIII.
346 1838 444 1882 361.
503 1837 695 1883 Ceterum
727 1838 826 1895 quid
853 1835 1022 1896 τυφλός
1047 1841 1214 1896 proprie
1246 1839 1452 1895 significet
1475 1856 1560 1886 non

51 1907 204 1964 *inepte
234 1907 472 1962 conjectare
502 1906 668 1950 videtur
693 1905 837 1950 Schol.
875 1905 930 1949 ad
958 1905 1133 1950 Aristot.
1165 1905 1311 1962 Categ.
1343 1921 1383 1965 p.
1413 1908 1482 1952 85.
1515 1910 1558 1953 b.

62 1971 133 2020 110.
164 1973 236 2018 ubi
264 1973 399 2018 allata
437 1973 616 2031 quadam
648 1973 881 2018 Herodiani
914 1975 1122 2017 sententia
1165 1973 1281 2017 addit
1320 1975 1395 2019 καὶ
1426 1972 1453 2034 ἦ
1484 1975 1560 2022 τύ-

49 2041 241 2100 .φλωσις
270 2039 397 2099 παρὰ
427 2039 479 2086 τὸ
507 2039 666 2100 τύφειν
701 2040 777 2085 καὶ
807 2038 979 2099 τυφλός
1009 2039 1146 2084 οἱονεὶ
1175 2038 1317 2099 τυφός
1347 2038 1371 2085 ὃ
1407 2042 1560 2089 ἐπικε-

52 2106 287 2162 1καυμένοες
310 2106 406 2163 ,τὰς
445 2103 583 2165 ὄψεις
624 2105 758 2163 ἓῇιων·
800 2106 946 2152 κενεαὶ
982 2107 1090 2164 γὰρ,
1132 2108 1268 2167 φησὶν
1298 2105 1322 2153 ὁ
1355 2112 1558 2169 ποιητής,

63 2169 398 2232 ὕποσμύχονται
438 2171 631 2220 ὄπωπαὶ
674 2171 735 2227 ὡς
777 2174 852 2219 καὶ
895 2173 919 2219 ὅ
961 2172 1109 2234 πηρός
1149 2175 1279 2233 παρὰ
1321 2176 1372 2221 τὸ
1417 2177 1558 2236 πήθω

158 2387 219 2434 23)
243 2388 385 2425 Eadem
402 2389 583 2427 vocabula
599 2391 708 2426 etiam
737 2390 822 2427 alibi
846 2390 1059 2426 commutari
1083 2396 1256 2437 possunt3
1284 2391 1559 2439 Theophrastus

22 2437 26 2442 ’
67 2445 190 2495 τυφλὰ
214 2445 451 2494 βλαστήματα
484 2453 596 2484 vocat
629 2459 721 2493 quae
756 2447 804 2483 ad
841 2448 1082 2483 maturitatem
1117 2460 1190 2484 non
1215 2450 1456 2495 perveniunt,
1493 2451 1560 2487 sed

31 2508 45 2554 ’γ
62 2497 241 2541 Moschio
268 2504 372 2541 Stob.
398 2503 480 2542 Ecl.
503 2503 531 2541 I.
556 2505 589 2541 8.
614 2517 651 2552 p.
675 2504 754 2541 242.
780 2502 934 2552 ἀκύμων
959 2503 1069 2553 κωφιξ
1095 2504 1130 2541 τ’
1160 2502 1351 2553 ἐκφύουσα
1373 2509 1433 2554 γῆ.

156 2593 219 2641 24)
244 2595 307 2631 stc
333 2602 369 2631 et
396 2607 540 2634 caecus
564 2597 718 2633 clamor
744 2597 872 2632 dicitur
897 2598 1093 2644 agrestium
1117 2597 1176 2643 qui
1203 2597 1320 2633 seram
1343 2609 1417 2634 non
1442 2599 1559 2635 visam

21 2672 42 2705 g
68 2651 309 2689 vociferando
335 2652 484 2700 abigere
510 2654 656 2691 student
682 2654 808 2691 Valer.
833 2654 862 2690 F
865 2655 888 2690 Ι.
913 2654 955 2691 ΙΙ.
982 2654 1061 2692 461.

63 2766 66 2771 .
158 2730 222 2777 25)
245 2733 355 2780 Apud
378 2732 551 2770 Nomium
578 2742 634 2771 est
668 2735 828 2772 camelus
850 2739 1038 2782 amputato
1063 2735 1184 2782 capite
1206 2736 1380 2783 τυφλοῖσι
1403 2732 1573 2773 πόδεσσί

25 2796 41 2814 2
66 2792 358 2839 περισκαίρουσα
385 2789 483 2829 XIV.
509 2791 588 2831 371.
