1728 3120
670 514 894 566 Pars
945 513 1259 566 altera.

511 628 608 680 De
686 627 934 681 verbis
1012 627 1407 694 barytoniS.

863 855 1073 900 CARI.

746 922 857 994 'De
917 946 1189 1010 puris.

343 1069 379 1124 ξ.
412 1069 450 1111 l.
493 1067 633 1111 Vciba
662 1070 704 1111 in
734 1087 818 1112 αιω
847 1072 968 1113 omni·
961 1084 986 1112 ι
1011 1084 1037 1113 a
1065 1083 1192 1128 prosa
1215 1069 1400 1113 alienata
1428 1073 1521 1111 sunt
1540 1044 1710 1130 praeter

230 1134 411 1179 παλαίω
442 1134 567 1192 παρὰ
595 1134 644 1178 τὸ
674 1133 878 1179 πάλλω’
862 1154 889 1191 η
922 1133 1010 1180 ἀπὸ
1044 1139 1123 1193 τῆς
1151 1134 1363 1191 παλάμῃς
1390 1134 1486 1177 ΕΜ.
1512 1134 1609 1185 647,
1635 1134 1711 1178 21.

230 1202 301 1245 vel
335 1202 475 1243 verius
515 1198 604 1244 ἀπὸ
645 1203 723 1258 τῆς
759 1200 920 1259 πάλης.
973 1200 1225 1260 Ὠραίουσι,
1265 1202 1372 1260 quod
1412 1201 1510 1245 olim
1546 1201 1706 1244 scribe-

230 1268 353 1310 batur
381 1266 480 1309 Hes.
509 1265 588 1308 Th.
617 1267 711 1309 903.
751 1274 790 1310 et
829 1269 995 1312 codices
1030 1269 1304 1324 redarguunt,
1342 1267 1449 1311 unde
1489 1265 1710 1326 ὠρεύουσι)

233 1340 460 1378 assumtum
488 1339 563 1383 est,
593 1339 633 1375 et
661 1335 755 1390 ipsa
783 1341 933 1377 natura
955 1334 1074 1390 hujus
1099 1336 1413 1386 terminationi5‚
1444 1346 1566 1391 quam
1597 1344 1706 1375 sem·—

231 1415 306 1458 per
335 1401 475 1444 brevis
506 1400 712 1442 antecedit
751 1401 1073 1457 antepenultima
1106 1401 1280 1455 ὃιχαίω,
1319 1398 1450 1445 ἶσαίω
1484 1407 1710 1456 ceteraque

233 1468 287 1510 ad
315 1466 462 1510 Buttm.
486 1465 554 1509 59.
587 1467 795 1517 adnotata,
826 1481 932 1524 quae
963 1475 1110 1524 poetae
1140 1467 1415 1511 Alexandrini
1445 1466 1707 1523 frequentant·

231 1547 316 1577 non
344 1533 492 1576 relicta
526 1534 691 1576 interim
721 1534 856 1577 altera,
887 1535 1196 1586 terminatione,
1237 1536 1303 1577 cui
1331 1531 1501 1577 Nonnus
1537 1540 1578 1576 et
1609 1546 1706 1589 supn

230 1614 356 1658 pares
398 1600 550 1643 favent.
623 1599 738 1643 Haec
778 1613 804 1643 a
840 1600 979 1644 verbis
1024 1601 1232 1644 secundae
1276 1600 1567 1645 declinationis
1609 1613 1706 1656 pro·-

230 1668 490 1710 ficiscuntur:
534 1668 615 1709 τοῦ
653 1667 768 1709 κεδιῢ
798 1663 850 1710 οὗ
887 1665 1022 1720 μόνον
1057 1667 1107 1710 τὸ
1148 1664 1316 1720 κεόάζω
1350 1664 1616 1724 παράγωγον
1645 1661 1708 1717 ὥς

231 1802 310 1843 τοῦ
333 1796 470 1842 νῖσαίω
502 1796 621 1854 παρ’
645 1796 819 1856 Ἀράτῳ
850 1797 964 1842 Eust.
992 1799 1087 1851 140,
1117 1800 1185 1843 27.
1216 1801 1279 1843 λῶ
1309 1796 1469 1842 λιλαίω
1498 1797 1557 1848 ὡς
1590 1799 1707 1851 mn&

233 1865 395 1921 κεραίω
430 1864 571 1908 Schol.
601 1864 648 1907 ll.
677 1864 769 1908 XV.
794 1866 890 1909 317.
921 1862 982 1916 (ὃς
1011 1868 1124 1923 κερῶ
1156 1863 1331 1923 κεραίω,
1361 1865 1488 1920 περῶ
1517 1862 1704 1921 nemim,

232 1930 349 1975 οὕτω
376 1931 485 1974 λιλιῦ
516 1930 673 1975 λιλαίω
699 1932 811 1974 κατὰ
840 1931 1110 1989 παραγωγὴν
1128 1931 1223 1974 ΕΜ.
1239 1930 1335 1982 566,
1354 1931 1394 1974 3.
1420 1928 1551 1987 Epim.
1568 1929 1704 1972 Cram.

232 1996 264 2038 I.
293 1996 392 2038 259.
432 1998 501 2051 qui
538 2009 613 2052 pro
650 1995 824 2052 περαίω
866 1997 1046 2040 fortasse
1089 1996 1250 2040 κεὸαίω
1279 1999 1436 2054 posuit,
1475 2009 1572 2040 nam
1602 1995 1708 2039 illud·

230 2075 314 2106 non
342 2062 425 2104 dici
452 2062 570 2105 solet.
628 2060 771 2117 Neque
809 2064 1016 2117 cognitum
1058 2062 1258 2105 hahemus
1298 2061 1436 2106 λιλάω
1477 2063 1553 2106 sed
1582 2063 1707 2106 modo

231 2129 371 2171 Λιλεῖ
395 2129 561 2185 φθονεῖ
583 2129 621 2180 ¹)
640 2127 875 2181 ’ἐπιθυμεῖ
903 2128 1001 2171 Hes.
1031 2127 1325 2183 Βιβαιόμεναι
1353 2128 1396 2171 id
1434 2135 1498 2172 est
1525 2126 1708 2184 βιβαζόκ

231 2210 362 2247 μεναι
391 2195 479 2237 sive
508 2190 766 2247 ὄχευόμεναι
794 2194 910 2238 Arat.
941 2194 1062 2237 1074.
1092 2193 1361 2239 Buttmannus
1390 2195 1485 2250 jure
1513 2195 1708 2252 praetulit

229 2259 373 2303 Vossii
403 2261 630 2317 scripturae
650 2259 915 2314 βιαιόμεναι.
973 2260 1020 2303 In
1039 2259 1129 2304 Nic.
1154 2260 1386 2303 Alex.396.
1414 2259 1533 2319 τήθη
1559 2277 1608 2305 τε
1637 2277 1707 2317 γε-

231 2324 447 2383 ραιόμενα
471 2325 662 2386 μνίοισι,
700 2328 737 2370 si
766 2327 809 2369 id
842 2328 1098 2383 significatur
1138 2327 1247 2383 quod
1277 2325 1558 2372 Schneiderus
1584 2330 1707 2372 sumit

233 2393 287 2436 ad
302 2394 474 2435 Aristot.
491 2392 541 2435 T.
558 2392 628 2434 ΠΙ.
643 2394 741 2435 223.
771 2395 969 2438 delectata
985 2396 1154 2443 muscis,
1184 2395 1231 2436 in
1251 2395 1400 2448 quibus
1415 2396 1600 2438 videlicet
1627 2397 1705 2438 ha-

232 2461 372 2508 bitem,
402 2459 530 2502 scribi
554 2466 714 2516 poterat
745 2457 786 2503 τ’
819 2458 1121 2516 ἒπαγαιόμενα
1146 2460 1189 2502 id
1219 2467 1281 2503 est
1310 2459 1608 2518 ἒπιχαίροντα,
1635 2461 1710 2505 ve}

229 2526 400 2581 vulgato
437 2527 604 2583 propius
645 2543 692 2570 τε
730 2525 1008 2583 παρειάμενα
1044 2526 1087 2568 id
1125 2532 1188 2568 est
1228 2526 1481 2584 παρήμενοι,
1523 2530 1559 2570 si
1598 2527 1703 2571 forte

230 2599 354 2648 poeta
383 2594 679 2647 grammaticae
711 2593 923 2636 doctrinae
948 2598 1175 2636 ostentator
1192 2605 1343 2635 nomen
1371 2591 1548 2651 εἷαμενή
1578 2596 1704 2638 inter-

229 2666 412 2714 pretatus
438 2666 501 2701 est
530 2656 690 2716 ἡμένην
716 2660 758 2702 id
788 2667 850 2702 est
878 2660 1015 2703 locum
1033 2659 1286 2714 depressum,
1317 2672 1436 2715 quem
1456 2659 1703 2705 Theocritus

326 2794 360 2837 1)
392 2799 516 2830 Ποθεῖ
537 2795 683 2840 corrigit
706 2794 895 2830 fleckerus
922 2795 1055 2830 Comm.
1081 2794 1127 2828 de
1153 2793 1260 2829 Anth.
1286 2806 1320 2840 p.
1345 2794 1401 2829 48.
