1728 3120
407 177 511 222 GAP.
541 176 572 219 1.
632 174 702 219 DE
732 172 933 218 VERBIS
962 171 1137 216 PURlS.
1410 170 1511 217 205

68 295 77 300 “
102 313 111 331 2
145 290 273 350 παρὰ
301 290 405 342 τοὺς
434 285 572 349 ἷίρνας
599 297 642 333 ut
672 287 817 332 Schol
846 287 893 330 ll.
918 285 1015 329 ΧΠ.
1029 284 1127 329 385.
1158 283 1270 334 dicit,
1301 282 1381 325 etsi
1409 294 1513 324 uun-

70 354 97 397 ἰ
124 380 141 398 ιι
184 359 248 402 sic
283 362 327 401 nt
354 359 545 416 μοσχιᾷν
573 363 614 400 et
648 356 818 400 vitulari
855 355 907 398 de
948 352 1222 397 haedulorum
1257 349 1516 407 petulcorum

30 445 33 449 ·
60 420 192 470 ²ihus
221 425 375 469 dictum
402 427 629 482 reperitur,
668 425 757 468 sive
787 423 840 466 ab
876 422 961 466 alio
1001 420 1182 477 quodam
1209 418 1376 461 nomine
1407 415 1517 460 obli-

60 486 67 507 ³
83 506 151 538 sne
180 491 318 536 deleto
337 498 380 535 ut
408 488 621 535 παλεύειν
640 498 681 534 et
708 487 959 541 σταθεύειν,
990 501 1162 545 quorum
1181 487 1300 541 origo
1327 485 1518 536 evanuit3

63 612 67 618 Ι
99 583 115 599 ιι
155 559 267 618 quod
293 548 484 603 nonnulli
513 555 739 602 στατεύειν
770 559 1026 614 scripserunt
1056 555 1108 599 ab
1139 555 1347 598 Atticistis
1375 564 1519 609 repre-

56 630 174 680 Mei,
215 626 456 684 idquidem
500 625 706 681 adJectivo
750 622 913 675 στατός
952 622 1166 681 persimile
1206 621 1282 665 sed
1322 633 1350 664 a
1387 621 1520 676 signi-

28 697 224 754 gv-fftione
253 693 428 738 assandi
456 706 541 736 non
569 694 704 736 minus
734 698 934 736 remotum
964 698 1041 734 est.

30 765 69 822 2³
130 776 182 832 ·§
211 774 253 818 4.
302 773 349 818 In
378 791 443 830 ηω
470 773 589 817 nulla
604 773 737 818 verba
760 774 874 815 exire
904 774 988 816 nisi
1015 771 1183 815 aeolica
1210 768 1392 828 ποθήω,
1424 765 1520 813 ἅδι-

29 847 65 891 :J
52 839 168 911 ‘q'w—
163 849 310 888 auctor
339 844 443 885 satis
472 849 536 885 est
565 841 830 885 Herodianus
861 856 908 883 π.
940 843 1057 882 Mon.
1088 853 1127 895 p.
1146 837 1215 880 43.
1273 835 1362 880 Nec
1392 837 1523 880 multa

32 920 77 974 «un
110 930 189 964 ιω,
220 925 394 970 quorum
419 924 554 967 genus
583 910 756 968 duplex,
786 923 909 954 unum
942 922 968 951 a
1001 907 1272 951 substantivis
1301 908 1344 949 in
1375 923 1416 958 ις
1446 907 1524 962 δη-

29 978 136 1041 λ’ω,
168 977 331 1037 κηκῖω,
362 978 506 1029 κονίω,
540 977 696 1035 μητίω,
724 977 867 1032 μηνίω
894 975 1178 1019 Choerobosc.
1206 974 1301 1024 170,
1326 972 1368 1015 4.
1399 979 1440 1016 et
1470 973 1524 1015 ad

31 1061 114 1092 ιιοο
142 1046 375 1104 exemplum
405 1047 516 1102 ὁηΐω
547 1058 574 1088 a
602 1046 768 1088 nomine
797 1043 949 1087 ficticio
980 1040 1078 1099 ὄηΐς
1106 1048 1239 1085 ortum
1268 1053 1365 1083 esse
1397 1041 1526 1083 sumi-

28 1129 112 1159 =ur.
167 1114 277 1158 Prae
311 1119 496 1158 veterum
528 1111 684 1169 placito
723 1110 774 1154 τὸ
803 1105 903 1162 ἷδος
934 1108 1025 1154 ἀπὸ
1057 1111 1137 1153 τοῦ
1168 1106 1269 1153 ἰδίω
1298 1107 1396 1150 ΕΜ.
1425 1107 1524 1159 465,

146 1181 432 1239 amplectimur
470 1180 723 1223 contrariam
762 1179 1008 1221 sententiam
1050 1177 1222 1221 verbum
1263 1190 1316 1219 ex
1356 1176 1525 1218 nomine

89 1250 239 1294 titisse.
295 1245 538 1290 Vei-balium
573 1247 755 1302 vestigia
791 1258 892 1288 rara
927 1252 1020 1288 sunt
1049 1246 1266 1301 minusque
1298 1255 1526 1301 expressa3

22 1301 106 1441 ξι
123 1312 214 1366 ὅῖω,
255 1321 299 1359 ut
329 1313 416 1358 alio
446 1313 543 1358 loco
575 1313 682 1366 dixi,
722 1312 829 1366 ἀΐω,
870 1313 924 1356 ab
955 1310 1079 1356 ἒοθω
1109 1310 1276 1363 ἐσθίω,
1315 1311 1369 1354 ab
1405 1307 1526 1354 οῧλω

86 1381 250 1428 azioma
293 1379 341 1426 ἐν
383 1379 510 1441 ὑγεία
555 1378 829 1440 φυλάσσοιεν
865 1380 964 1424 Hes.
1003 1377 1235 1436 Ἑψίονται
1274 1374 1531 1435 ἀκολουθή-

23 1428 171 1506 'lovum
201 1462 282 1507 quo
310 1449 575 1493 referendum
605 1450 673 1500 sit,
707 1455 830 1506 patet.
890 1447 1018 1492 Verbi
1044 1443 1178 1498 ἆλίω,
1210 1448 1326 1502 quus
1358 1446 1531 1503 obliqua

22 1499 164 1563 simodo
193 1523 384 1574 tempora
412 1523 552 1560 extant
583 1511 736 1560 ἇλῐσαι
770 1523 810 1558 et
841 1514 1037 1573 ἑξήληικα
1068 1517 1239 1570 eJ'usque
1271 1514 1380 1570 quod
1409 1528 1530 1571 pros-

21 1579 149 1630 '‘thesi
179 1587 309 1628 crevit
333 1582 496 1636 κυλιω,
526 1585 774 1641 primitivum
798 1583 874 1625 suit
904 1580 1031 1631 ει’,λω
1063 1579 1204 1629 slago,
1237 1582 1353 1637 quus
1384 1582 1534 1625 simili-

30 1653 139 1698 'tudo
170 1658 342 1709 apparet
368 1653 413 1694 in
442 1648 681 1707 εἶλίνδησις
709 1656 750 1692 et
778 1651 821 1692 in
850 1649 979 1692 verbo
1010 1648 1366 1692 ἕνειλινδεῖσθαι.
1424 1653 1534 1693 ,Μα-

19 1719 157 1779 Φριέιν
188 1715 428 1773 οχλεῖσθαι
458 1719 691 1776 πυρέττειν
720 1723 759 1759 et
795 1718 998 1774 Μαιριῆν
1026 1715 1075 1758 τὸ
1108 1717 1257 1765 κακῶς
1291 1732 1403 1769 εχειν
1433 1715 1533 1760 Hes.

30 1795 130 1832 ’non
160 1785 302 1868 dub'ito
343 1798 564 1829 arcessere
600 1784 653 1827 ab
697 1784 889 1828 obsoleto
928 1782 1099 1839 μαίρι),
1138 1781 1245 1825 unde
1285 1786 1453 1837 Μαῖρα
1482 1783 1534 1827 τὸ

28 1850 213 1911 ὀἶστρον
241 1850 269 1912 ἢ
301 1851 602 1907 ἀκμαιότατον
630 1854 779 1905 καῢιια
800 1851 900 1894 Hes.
932 1857 972 1893 et
997 1849 1215 1907 μαραίνω.
1275 1848 1538 1894 Contrarium

29 1922 237 1979 Ἰοοηιοήε
269 1918 460 1963 affectum
493 1919 709 1962 declarant
727 1916 887 1973 μάλκη,
914 1917 1118 1972 μαλκιέιν
1138 1920 1180 1971 ⁹)
1210 1924 1250 1960 et
1278 1931 1539 1975 paragogum

24 1989 241 2047 [μαλκιῇν
269 1988 298 2031 i.
329 2000 368 2044 q.
397 1986 635 2044 μαλακιᾷν.
693 1984 775 2028 Pro
811 1983 1064 2038 Χειμίουσα
1103 1986 1331 2041 ψυχομένη
1368 1986 1539 2043 ῥιγῶσα

31 2055 198 2115 {Galea
228 2053 406 2098 Foesius
442 2055 680 2108 χειμιοῦσα
717 2053 912 2107 corrigit3
955 2058 1141 2109 praestat
1178 2065 1279 2095 vero
1306 2056 1538 2106 χειμιιῦσα.

27 2119 246 2166 *maozim
278 2121 328 2166 ἐκ
355 2122 438 2164 τοῦ
463 2119 663 2174 μαστίζω
694 2118 953 2174 Theognost.
982 2118 1119 2162 Uram.
1140 2118 1190 2161 ll.
1214 2118 1310 2162 146.
1339 2120 1414 2163 sed
1443 2135 1540 2179 pro-

28 2190 243 2248 ‘pinquius
272 2194 336 2232 est
353 2201 504 2232 nomen
529 2203 704 2240 μαστις.
761 2186 967 2229 Boeotica
995 2193 1089 2229 sunt
1109 2183 1263 2238 αὖλίω,
1294 2186 1430 2231 donico
1462 2196 1541 2233 etc.

51 2268 162 2313 quae
194 2255 429 2299 Ahrensius
459 2261 674 2296 enumerat
704 2254 754 2296 de
775 2253 898 2296 Aeol.
929 2267 967 2310 p.
986 2253 1081 2295 179.
1101 2278 1155 2285 —
1186 2252 1542 2299 Terminationem

16 2343 33 2376 χ
53 2342 136 2370 ouo
166 2323 389 2368 excludunt
418 2336 602 2367 canones
632 2323 687 2366 τὰ
723 2319 1075 2379 παραληγόμενα
1104 2325 1158 2380 τῆ
1192 2340 1237 2367 οι
1266 2329 1546 2379 περισπᾶται

54 2401 134 2439 etc.
164 2393 321 2438 Arcad.
342 2391 438 2436 165.
469 2391 525 2435 τὰ
552 2391 627 2436 διὰ
657 2395 735 2435 τοῦ
763 2410 826 2435 υω
857 2390 1082 2450 βαρύτονα
1113 2391 1187 2437 διὰ
1217 2396 1296 2436 τοῦ
1327 2411 1353 2437 υ
1378 2395 1548 2454 γράφε-

16 2459 153 2510 ,’ται·
184 2457 683 2519 προςκεῖταιβαρύτονα
708 2458 783 2503 διὰ
806 2458 855 2503 τὸ
881 2455 1036 2508 ἇλοιω,
1066 2457 1213 2514 ὃμοιιῦ
1242 2460 1433 2517 Theogn.
1450 2462 1546 2505 148.

13 2653 18 2661 Ρ
147 2610 188 2656 9)
222 2609 346 2646 Schol.
371 2608 456 2646 Nic.
477 2607 545 2645 Th.
567 2607 646 2645 382.
676 2607 741 2653 τὴν
764 2606 911 2655 μάλκην
934 2610 1146 2655 Νίκανδρος
1169 2610 1210 2645 ἓν
1234 2608 1422 2650 Γλώσσαις
1444 2613 1549 2660 ῥῖγος

27 2669 147 2716 ..περὶ
162 2666 247 2707 τούς
267 2664 386 2707 πόδας
407 2668 470 2702 καὶ
490 2670 632 2713 χεῖρας,
662 2667 724 2701 καὶ
754 2662 974 2713 ὑποδήματα
1003 2666 1103 2710 (fort.
1121 2664 1394 2713 ὑποδείγματα)
1423 2671 1548 2714 τίθησι

60 2723 272 2771 πνεύματος
292 2723 489 2772 ἀργαλέοιο
509 2720 640 2759 πόνοιό
663 2735 700 2759 τε
722 2724 970 2769 μαλκείοντες.
1022 2722 1061 2757 ln
1086 2734 1189 2769 seqq.
1213 2721 1338 2773 ὄμβρῳ
1360 2737 1398 2762 τε
1417 2728 1547 2774 κρυμῷ

14 2829 16 2831 ‚
38 2810 41 2815 .
61 2795 99 2818 τε
123 2779 256 2828 δέματ’
281 2779 341 2818 ὅτε
363 2778 530 2827 δάμνατο
554 2782 699 2827 μᾶλλον
724 2779 830 2815 scrib.
856 2779 973 2825 δέμας
995 2776 1084 2816 τότε.
