1728 3120
199 217 294 263 118
658 205 1126 253 DISSERTATIO
1167 208 1216 251 V.

198 321 413 383 ἠλακάτη,
448 319 633 378 Βήλημα
664 317 845 374 κώλυμα
872 319 952 364 hoc
973 327 1036 364 est
1066 317 1226 376 εἶ’λημα
1245 324 1286 363 et
1314 320 1358 362 in
1377 316 1476 363 aliis
1505 311 1683 376 quibil·²÷8g·'

201 391 294 433 dam
318 387 501 443 ejusdem
519 387 687 430 dialecti
715 401 755 431 v.
772 386 932 430 Albert.
949 387 1003 431 ad
1018 386 1115 430 Hes.
1133 400 1167 430 s.
1185 383 1412 443 Γήνεσθαι
1440 391 1482 430 et
1495 370 1686 496 Ahre'ngg

200 455 311 498 Dial.
335 453 433 497 Dor.
460 453 554 496 160.
586 452 686 496 Cum
704 451 935 510 Sophronis
962 452 1104 497 verbis
1133 451 1200 504 τίς
1227 468 1306 506 μοι
1335 449 1390 495 τὰ
1412 453 1500 512 λᾷα
1534 450 1629 497 ἐκτί
1658 479 1688 507 ι-

202 524 269 565 λει
304 522 340 563 si
379 521 471 576 quis
502 520 720 563 contulerit
747 520 1026 564 Anacreontis
1064 519 1200 563 locum
1225 516 1319 560 EM.
1347 515 1443 571 713,
1470 519 1510 562 1.
1538 509 1687 563 vitani

201 587 305 638 τοὺς
340 584 535 639 κυάμους
565 582 854 642 ἂσπιὸιώτης,
889 588 960 630 vix
991 600 1037 630 se
1068 585 1293 630 continebit
1321 597 1401 642 quo
1427 586 1561 629 minus
1591 572 1691 641 ‘clli-

204 655 294 697 λειν
326 653 485 697 vellere
526 659 566 695 et
603 650 741 695 ἴλλειν
772 653 941 697 volvere
981 653 1091 696 idem
1120 652 1291 694 verbum
1330 664 1427 695 esse
1455 645 1689 716 concedati,

203 733 299 763 nam
338 719 544 763 volvendo
584 725 623 761 et
660 720 888 775 torquendo
929 719 1146 764 evellimus
1185 718 1341 770 defixa,
1383 725 1426 762 ut
1462 711 1692 777 Lucretit'g

206 787 307 829 dixit
336 787 524 830 evolvens
553 787 765 828 radicibus
799 789 943 830 haurit
973 789 1023 830 ab
1057 788 1154 829 imis
1193 785 1236 828 id
1269 791 1334 828 est
1372 783 1560 829 ἕκτίλλει
1593 778 1693 834 sivitv

206 853 365 904 ἕξειλεῖ
399 853 590 909 idemque
632 852 847 896 declarant
886 855 1010 896 etiam
1051 853 1260 901 derivata,
1301 864 1408 908 quae
1447 842 1695 907 Hesychia}-

208 919 327 962 affert
349 916 555 972 Ἑλλίζειν
587 918 747 962 τίλλειν
784 926 824 962 et
853 923 895 961 Γ
892 920 1074 974 ελλίζειν
1112 916 1390 976 γαργαλίζειν
1419 916 1462 960 id
1491 923 1555 961 est
1584 918 1697 971 titi·

206 986 320 1037 lare,
354 998 476 1042 quam
512 984 854 1041 significationem
893 986 1132 1043 anticipavit
1168 986 1415 1042 primitivum
1447 981 1629 1038 Ἑλλόμε
1664 990 1697 1046 3*ss

207 1051 526 1107 περικνώμενα,
555 1065 652 1094 nam
683 1054 786 1110 κνᾷν
809 1059 848 1095 et
879 1054 1036 1106 κνίζειν
1064 1053 1249 1109 proxime
1278 1052 1450 1095 distata
1477 1049 1699 1095 titillanti:

207 1133 245 1162 v.
276 1117 390 1161 Diss.
418 1117 532 1160 XIII.
562 1118 598 1172 ξ.
620 1117 661 1160 4.

320 1188 356 1242 §.
385 1188 425 1230 2.
483 1186 623 1230 Verba
658 1188 701 1229 in
739 1177 842 1240 οἶιῖὦ
878 1189 1072 1230 exeuntia
1112 1187 1229 1230 nulla
1263 1192 1375 1238 sunt,
1410 1192 1544 1243 neque
1574 1175 1692 1235 alieti.

209 1254 381 1297 vocales
420 1253 500 1297 huc
538 1255 690 1296 intrant
728 1259 895 1309 praeter
922 1253 1096 1310 epsilon.
1156 1253 1248 1305 Quo
1279 1253 1330 1296 de
1359 1264 1516 1309 genere
1545 1235 1703 1314 Theoi*

209 1327 382 1376 gnostus
410 1334 447 1378 p.
467 1319 561 1363 134.
593 1326 632 1362 et
656 1318 851 1377 Epimll.
869 1320 965 1362 322.
997 1320 1104 1363 haee
1135 1319 1331 1363 afferunt:
1361 1319 1525 1376 βρέμω,
1555 1318 1673 1373 γέμω·

210 1386 351 1441 δέμω,
383 1387 550 1444 δρέμω,
583 1387 720 1440 νέμω,
751 1386 890 1439 τέμω,
920 1387 1085 1443 τρέμω,
1112 1386 1260 1444 χρέμω
1289 1383 1341 1429 τὸ
1373 1383 1477 1443 ἧχῶ.
1534 1383 1648 1428 Horu

212 1460 399 1509 quartum
439 1466 465 1496 a
494 1453 719 1496 Teclmicis
758 1453 894 1496 fictum
927 1454 1101 1510 Jureque
1137 1453 1403 1510 praeteritum
1429 1458 1494 1495 est
1521 1451 1575 1495 ab
1606 1451 1704 1513 Arg

213 1519 334 1562 cadio
364 1533 402 1576 p.
423 1519 516 1562 130.
547 1519 617 1561 uhi
646 1521 754 1562 inter
781 1519 926 1576 τρέμω
951 1519 1001 1563 τὸ
1032 1516 1122 1577 ἢχῶ
1157 1518 1309 1562 excidit
1339 1518 1499 1574 χρέμω.
1558 1515 1707 1578 Τὲμαρ.

213 1585 287 1628 ille
318 1587 463 1629 sumsit
492 1598 543 1628 ex
572 1585 688 1629 Hom.
721 1585 767 1628 ll.
795 1584 909 1628 XIII.
938 1586 1034 1630 707.
1067 1599 1162 1629 nam
1194 1585 1297 1629 alibi
1326 1598 1410 1628 non
1435 1583 1609 1641 legitur,
1648 1588 1678 1628 e'
1705 1599 1707 1605 ·

212 1652 292 1696 hoc
321 1665 483 1708 quoque
513 1652 607 1696 loco
624 1651 797 1696 Wolfius
826 1655 964 1706 τεμεῖ,
995 1652 1068 1695 alii
1099 1649 1238 1706 τάμον
1264 1651 1334 1696 vel
1359 1648 1552 1704 ταμέσθ>
1586 1653 1670 1695 scri
1700 1653 1709 1684 Γ

212 1719 326 1761 hunt.
385 1718 584 1762 Miraeuli
612 1721 746 1763 instar
779 1726 841 1763 est
863 1719 1005 1774 Ῥέμει
1035 1714 1172 1777 ὂδυνᾷ
1199 1715 1337 1775 σήπει
1363 1715 1463 1762 Hes.
1496 1719 1575 1761 nec
1603 1715 1670 1762 sol
1699 1716 1701 1720 ’

214 1786 322 1828 vitur
345 1784 606 1840 Theognosti
635 1787 972 1844 interpretatione
1002 1800 1040 1842 p.
1059 1786 1124 1837 11,
1147 1785 1187 1828 8.
1218 1785 1338 1843 ῥέμω
1367 1782 1417 1828 τὸ
1450 1786 1707 1843 πειρῶμαι,

217 1850 266 1894 τὸ
302 1850 511 1905 δύναμαι,
554 1866 660 1909 quae
692 1866 782 1896 cum
811 1853 886 1896 illo
922 1853 1149 1908 exaequari
1178 1857 1349 1909 possunt
1381 1850 1462 1895 hoc
1489 1851 1611 1895 modo
1639 1844 1713 1914 τᾷν

216 1916 443 1974 τείρομαι,
482 1915 722 1972 ὀδυνῶμαι.
768 1915 896 1973 ’Όμω
929 1918 1210 1962 Schneiderus
1244 1918 1474 1961 fabricatus
1509 1923 1573 1960 est
1601 1915 1713 1987 sinq]

217 1984 304 2027 ullo
336 1985 560 2040 analogiae
587 1992 777 2041 respectu
794 1991 990 2041 tanquam
1018 1992 1261 2042 prototypon
1284 1983 1582 2028 vocabulorum
1610 1979 1717 2045 δ’μῆ

217 2054 326 2107 βρος
346 2057 386 2093 et
413 2047 566 2104 ὂμιχῶ.
625 2050 711 2094 Nec
730 2052 863 2094 minus
894 2053 1223 2094 commenticium
1240 2057 1303 2094 est
1326 2049 1452 2107 γήμω
1466 2046 1715 2118 Herodian&

165 2124 167 2127 '
217 2115 350 2172 Epim.
375 2131 413 2173 p.
435 2118 497 2159 15.
542 2116 622 2160 Pro
656 2115 885 2170 Λαίμεται
915 2115 980 2168 εἷς
1007 2119 1173 2174 βρῶσιν
1202 2115 1403 2174 ὥρμηται
1432 2117 1565 2159 series
1596 2117 1715 2178 statii

218 2181 438 2237 μάσσεται
477 2183 544 2226 vel
583 2183 718 2226 simile
758 2185 965 2240 quippiam
1003 2185 1148 2240 poscit.
1213 2181 1418 2239 Liquidae
1458 2178 1710 2239 duplicataei

176 2273 179 2278 ‹
219 2249 408 2306 exempla
437 2250 553 2292 nulla
580 2251 661 2292 nisi
691 2264 742 2293 ex
784 2252 883 2294 vitio
914 2257 1036 2293 nata:
1080 2247 1263 2304 Κάμμει
1292 2245 1475 2300 καθίζει
1496 2247 1594 2292 Hes.
1625 2235 1720 2293 ubi

220 2313 389 2370 κάμβευ
419 2319 648 2372 corrigunt.
671 2324 710 2359 et
730 2316 919 2371 Τέμμειν
948 2315 1126 2360 πείθειν
1152 2317 1283 2374 τιμᾷν
1299 2313 1547 2359 Suid.Phot.
1577 2315 1719 2409 cujuels'

1695 2410 1703 2448 i

220 2445 306 2500 ἦτορ
332 2453 447 2492 ἔλσας.
474 2453 597 2491 Quint.
621 2450 683 2488 III.
702 2452 780 2488 369.
812 2451 891 2492 τοὺς
918 2451 956 2487 ‹5'
987 2453 1093 2491 ἔλσας
1115 2450 1188 2487 ἀνὰ
1213 2448 1304 2486 ἄστυ
1333 2456 1369 2485 et
1391 2461 1428 2488 v,
1448 2449 1526 2487 413.
1553 2448 1722 2499 βροτῶιξὶ,

220 2511 271 2548 εἲς
294 2513 411 2556 τεῖχος
434 2509 612 2555 ἀλέντων,
647 2520 714 2555 pro
739 2519 810 2554 quo
837 2508 1046 2544 Herodotus
1070 2507 1097 2544 1.
1123 2507 1179 2543 80.
1207 2509 1477 2552 κατειληθέντες
1500 2507 1536 2547 ἒς
1557 2505 1596 2543 τὸ
1613 2510 1687 2543 σεῖ’
1719 2550 1721 2555 ¹

215 2578 293 2611 χος.
342 2566 463 2611 Alphzt
495 2577 563 2612 pro
596 2565 713 2612 epsilo
746 2565 883 2610 recepit
917 2561 1078 2612 αὕληρον
1108 2560 1338 2612 ὅπερἼωνες
1368 2560 1523 2611 εὗληρον
1556 2546 1723 2611 Anecdast

219 2621 336 2659 Bekk.
362 2621 440 2661 464.
467 2629 503 2658 et
532 2623 688 2658 sortasse
711 2618 834 2665 βαλιός
856 2621 879 2657 i.
908 2632 942 2667 q.
968 2618 1104 2666 αϊόλος,
1129 2632 1196 2656 nec
1222 2620 1385 2656 dissonat
1408 2618 1543 2655 Γέλλιοι
1567 2610 1722 2670 gneo&

220 2677 308 2712 Hes.
327 2676 448 2726 χορδή
471 2678 493 2723 ἡ
527 2681 600 2715 τῶν
629 2680 787 2724 ἐντέρων
821 2679 954 2723 εἴλησις
977 2677 1100 2713 Schol.
1126 2677 1234 2712 Arist.
1259 2677 1378 2712 Rann.
1401 2674 1481 2712 342.
1515 2676 1609 2712 unde
1631 2661 1725 2725 Isi-„³5

221 2733 331 2768 dorus
356 2735 504 2770 latinum
523 2736 596 2771 ilia
617 2734 779 2770 arcessit.
823 2732 930 2779 Ἑάλη
947 2733 1096 2772 Homeri
1118 2733 1339 2780 interpretes
1357 2732 1492 2780 antiqui
1515 2732 1623 2771 modo
1647 2723 1726 2783 ab}

220 2787 323 2825 ἀλεῖν
346 2797 514 2835 repetunt
538 2792 647 2828 modo
673 2792 718 2827 ab
744 2793 864 2828 εἵλεῖν,
