1728 3120
53 535 60 620 2
193 551 330 596 literis
369 558 410 596 et
447 551 598 595 iisdem
643 549 850 594 similibus
891 548 1197 605 significatione
1241 559 1367 603 saepe
1416 545 1503 588 dis-

51 667 59 686 14
143 652 155 663 .
219 618 313 672 Quo
357 620 399 662 in
440 618 577 675 gradu
619 619 657 661 si
699 619 970 675 perstitisset,
1010 617 1242 661 orationem
1284 612 1502 658 confusum

98 742 109 747 ..
151 700 208 732 m
252 693 293 730 et
335 685 619 730 indistinctum
663 698 816 728 sonare
856 697 1033 728 necesse
1072 690 1174 727 erat.
1231 680 1339 724 Huic
1378 681 1505 736 igitur

88 751 122 815 's
144 754 311 800 obviam
349 754 449 797 itum
483 759 547 796 est
577 754 650 796 via
681 751 850 810 duplici.
907 750 1014 794 Nam
1046 758 1088 794 et
1116 753 1225 793 intus
1257 754 1381 792 aucta
1409 753 1504 791 sunt

109 818 113 825 “
141 824 232 865 'ns
261 821 542 877 consonisque
569 820 715 863 ascitis
745 816 852 875 ψάω
882 816 1040 876 ψαύω,
1070 814 1255 873 ψάλλω,
1299 813 1434 872 ψήχω
1463 821 1506 858 et

43 943 46 946 Ι
87 887 99 947 j:
126 890 263 934 ione
302 887 564 944 syllabarum
597 886 667 930 vel
705 886 1038 943 praepositarum
1074 884 1142 928 vel
1182 884 1503 940 suppositarum.

84 956 162 1020 jae
193 956 403 1000 intestinis
431 954 698 999 incrementis
717 959 803 996 tam
833 952 962 996 multa
991 951 1077 995 dixi
1105 957 1149 993 ut
1179 963 1341 994 omnem
1373 950 1505 992 ratio-

46 1072 48 1074 ,
99 1032 106 1073 ζ
140 1023 376 1069 absolutam
395 1034 494 1066 esse
513 1019 730 1066 confidam.
788 1018 1057 1077 Ecquaenam
1073 1031 1175 1062 vero
1197 1016 1392 1073 syllabae
1409 1028 1506 1060 ver-

45 1082 51 1114 *
122 1096 425 1149 anteponantur
467 1095 508 1132 et
548 1101 629 1145 quo
675 1087 824 1131 effectu
863 1087 1025 1130 dicetur
1060 1087 1105 1129 in
1143 1098 1197 1128 ea
1232 1083 1503 1142 pathologiae

45 1147 147 1222 fga,
178 1171 287 1216 quae
308 1157 361 1202 de
389 1155 601 1216 prosthesi
629 1156 831 1212 inscripta
849 1161 926 1198 est.
985 1153 1054 1197 Ad
1069 1153 1179 1197 hunc
1210 1159 1347 1196 autem
1364 1151 1504 1195 locum

26 1268 47 1298 ‚v
88 1227 194 1271 ‘·='et
221 1225 412 1284 quaestio
432 1223 655 1268 verborum
672 1235 996 1280 paragogerum,
1025 1221 1106 1264 hoc
1134 1227 1198 1264 est
1224 1233 1367 1264 eorum
1396 1231 1505 1276 quae

42 1289 49 1340 ἶ
80 1319 87 1344 ;
106 1313 118 1331 >2
143 1295 226 1338 ·ice
246 1297 486 1344 creverunt3
515 1303 614 1334 nam
645 1298 810 1334 veteres
841 1289 922 1334 hoc
951 1289 1119 1332 nomine
1150 1289 1276 1331 etiam
1300 1288 1507 1330 introrsus

26 1358 48 1394 ’·
87 1386 100 1398 ι»
126 1382 129 1395 1
178 1358 548 1418 comprehendunt:
585 1356 636 1402 τὸ
667 1356 811 1415 ῥίπτω
842 1353 1113 1416 παράγωγόν
1147 1353 1265 1399 ἐστιν
1303 1350 1396 1398 ἀπὸ
1427 1354 1507 1397 τοῦ

42 1446 47 1452 “
85 1432 142 1473 'w
180 1427 277 1471 EM.
313 1426 422 1479 704,
449 1425 520 1470 54.
559 1431 638 1469 etc.
682 1425 759 1469 sed
797 1437 876 1469 nos
920 1423 1027 1468 haec
1076 1423 1295 1480 primitivis
1335 1420 1510 1466 secundi

42 1509 175 1560 fuis
204 1495 448 1553 adjecimus.
