1728 3120
276 199 368 246 108
707 192 1169 240 DISSERTATIO
1217 192 1284 240 lv.

269 323 445 358 πτωκα,
475 307 661 356 πτῶσις,
692 302 914 362 ἕπτώθην.
934 310 1001 361 ⁵⁴)
1051 305 1216 366 Ῥήσσω
1251 306 1435 367 ῥήγνυμι
1460 310 1680 357 Buttmann*

268 376 369 419 Lex.
393 373 422 415 Ι.
452 372 545 415 130.
577 384 604 414 a
633 371 744 430 ῥαίω
773 379 903 415 ortum
933 382 1092 426 censet,
1126 378 1193 419 cui
1220 378 1447 434 proximum
1473 385 1538 423 est
1563 377 1676 438 ῥάσσ

268 456 345 486 1100
373 441 538 484 diversa
566 445 769 495 potestas3
799 438 966 484 Photius
981 439 1144 494 Ῥάξας,
1173 439 1223 486 ‘cci
1259 444 1308 490 δὲ
1335 442 1472 504 ῥήξας
1501 443 1581 491 οὒκ
1609 442 1662 490 ἅτ

269 508 358 559 κόν,
387 508 576 550 nimirum
594 507 631 549 si
652 514 917 560 prosternere
934 508 1058 552 valet.
1114 507 1249 554 Etiam
1269 508 1439 569 πήσσω,
1467 514 1504 556 si
1520 514 1668 571 propris

267 576 393 619 habet
424 574 675 631 impingendi
710 574 1073 629 significationem,
1111 591 1194 621 non
1220 578 1346 635 longe
1386 579 1505 624 abest
1524 593 1562 624 ·a
1588 579 1677 625 παῖ

272 643 447 700 Τμῆξαι
476 640 722 696 Sylburgius
753 641 805 684 ad
835 641 1027 686 Clenard.
1058 658 1095 701 p.
1123 644 1218 696 554,
1247 645 1287 688 3.
1317 653 1356 690 et
1391 649 1642 704 posteriores
1687 656 1689 658 ’

266 709 446 768 τμήσσω
474 708 666 758 referunt,
695 710 808 764 cujus
836 709 938 753 fides
969 710 1094 754 dubia
1118 725 1156 754 v.
1188 712 1242 755 ad
1263 711 1410 756 Buttm.
1435 713 1532 758 298.
1553 717 1618 767 ⁵⁵)

265 780 367 835 tiqui
397 791 423 820 a
451 771 598 834 τμήγω
624 782 664 818 et
692 775 863 819 ulterius
896 778 1053 832 ειτέμω
1071 781 1165 832 τμῶ
1195 779 1398 824 deducunt
1415 779 1512 824 EM.
1537 788 1580 825 ut
1606 782 1671 826 πέ

265 847 364 889 πτῶ
385 841 580 900 πτήσσω.
638 842 839 894 Aeolicis‚
870 858 974 901 quae
1003 845 1201 897 dicuntur,
1232 847 1384 891 πέσσω
1409 848 1579 902 πέπτω,
1607 845 1691 893 ὅσα

265 909 390 956 &mco
421 909 657 953 Eustathius
691 910 812 961 1398,
837 910 903 954 34.
942 911 1143 956 subnectit
1181 911 1290 966 ἴσως
1319 914 1393 959 καὶ
1428 915 1478 960 τὸ
1513 914 1650 960 λίσσω

264 981 344 1022 τοῦ
380 977 520 1022 λίπτω
560 973 692 1036 ἤγουν
728 976 937 1032 ἐπιθυμῶ
977 979 1140 1034 γέγονε,
1179 981 1285 1037 quod
1316 981 1380 1024 illi
1414 995 1498 1026 11011
1525 982 1684 1026 dissimi

266 1047 341 1090 sed
365 1047 531 1103 propius
565 1051 628 1087 est
655 1044 795 1087 dorico
826 1042 933 1088 λάω.
991 1046 1219 1101 Νἰσσομαι
1243 1048 1351 1092 idem
1367 1062 1442 1106 per
1468 1049 1614 1093 solitas
1641 1061 1668 1093 a

265 1114 397 1170 bages
436 1126 463 1156 a
499 1112 632 1155 futuro
669 1111 786 1155 verbi
823 1111 979 1166 νέομαι
1014 1115 1161 1170 repetit
1189 1114 1318 1167 1288,
1346 1114 1415 1159 58.
1459 1114 1672 1160 Πλίσσειν

266 1181 443 1226 πλέκειν
484 1185 623 1222 natum
659 1192 753 1221 esse
791 1178 988 1236 probatur
1026 1180 1222 1226 adverbio
1253 1179 1498 1240 ἆμφιπλίξ,
1536 1196 1617 1240 quo
1647 1182 1679 1226 S

265 1247 434 1306 phocles
463 1260 562 1289 usus
591 1252 654 1289 est
683 1246 732 1289 de
757 1254 945 1303 serpente
973 1246 1130 1303 lignum
1148 1249 1481 1306 circumplicante
1507 1263 1581 1307 pro
1601 1266 1687 1308 περ

266 1316 467 1372 πλέγόην,
496 1327 579 1357 11011
608 1313 792 1366 abusive,
822 1321 865 1357 ut
881 1313 1042 1358 Polluci
1068 1316 1213 1367 visum,
1243 1316 1317 1359 sed
1346 1318 1522 1360 maxime
1550 1319 1689 1375 propri,

254 1379 407 1426 ’'Ooaw
437 1387 477 1424 et
505 1376 703 1434 ὅπτομαι
730 1387 773 1424 ut
801 1382 908 1425 inter
933 1395 979 1426 se
1016 1384 1075 1425 ita
1102 1396 1192 1426 cum
1221 1380 1376 1437 οἴομαι
1413 1386 1586 1439 opinor,
1623 1386 1708 1428 om*

265 1463 347 1494 nor
376 1455 554 1504 cognata
579 1455 671 1491 sunt
686 1449 854 1505 perinde
885 1463 935 1493 ac
957 1451 1123 1493 nomina
1152 1445 1280 1501 ἶίσσα,
1311 1446 1436 1509 ὀμφή
1468 1465 1612 1496 osmen
1640 1455 1706 1496 siv

267 1530 407 1568 omen3
449 1528 544 1558 nam
586 1518 815 1572 promiscue
860 1516 1008 1560 dicitur
1043 1517 1176 1560 κακὸν
1218 1513 1395 1561 ὄΐεσθαι
1435 1525 1475 1562 et
1509 1514 1679 1563 ἶίσσεσθ

265 1580 654 1641 (προτιόσσεσθαι)
697 1583 771 1626 sed
801 1573 879 1627 hot:
914 1586 1038 1627 etiam
1067 1583 1117 1627 de
1148 1597 1198 1627 eo
1231 1586 1301 1641 qui
1329 1584 1450 1628 alteri
1485 1585 1638 1629 malum
1665 1588 1680 1629 i

265 1652 375 1695 ferre
405 1651 559 1705 cogitat
589 1650 711 1706 idque
741 1652 864 1694 etiam
892 1651 1006 1695 vultu
1033 1664 1133 1708 prae
1165 1664 1210 1694 se
1240 1651 1341 1704 fert3
1369 1652 1478 1696 unde
1505 1653 1663 1697 traduci

267 1719 320 1762 ad
349 1731 436 1767 res,
467 1729 637 1774 quarum
667 1718 862 1774 adspectu
890 1721 1199 1775 praenoscimus
1229 1719 1387 1763 futura:
1423 1719 1615 1776 πέλαγος
1651 1717 1709 1765 ὅσ

265 1783 449 1840 σόμενον
470 1780 639 1838 ἀνέμων
667 1785 870 1842 λαιψηρὰ
899 1785 1090 1829 κέλευθα
1108 1784 1225 1829 Hom.
1255 1779 1366 1841 αἷμα
1390 1785 1528 1839 μέλαν
1556 1787 1711 1841 κέχυτα

264 1851 453 1909 προϊδὸν
492 1849 732 1909 κακότητος
775 1848 963 1910 ἀνάγκην
995 1854 1245 1906 portendens
1291 1854 1566 1898 calamitatem
1605 1853 1664 1898 Or

264 1918 417 1962 Herod.
435 1916 520 1959 Vll.
538 1918 630 1961 140.
655 1915 855 1976 Ἀρύσσω
887 1920 922 1961 si
939 1919 1120 1963 mirabili
1141 1919 1328 1963 codicum
1357 1933 1562 1964 consensu
1577 1919 1688 1966 Hero

264 1984 332 2027 VI.
355 1985 443 2027 119.
475 1986 577 2028 satis
598 1991 864 2028 sustentatum
888 1994 1088 2043 putamus,
1119 1994 1228 2030 certe
1253 1987 1356 2030 nihil
1387 1988 1499 2031 aliud
1522 1995 1585 2032 est
1608 2003 1661 2046 qu

266 2050 402 2109 αρύω,
431 2053 545 2108 cujus
568 2053 734 2107 generis
763 2052 989 2109 compluria
1019 2052 1193 2096 aSuida
1213 2067 1245 2096 s.
1270 2050 1521 2098 Ἀπινύσσω
1552 2055 1701 2101 collect

1210 2117 1219 2133 Ι
1452 2117 1463 2133 Ι
1548 2118 1563 2136 ³
1609 2121 1619 2136 Ι

265 2253 514 2311 temporibus
561 2252 739 2309 obliquis
790 2253 941 2304 Θιῦξαι
981 2251 1180 2307 μεθύσαι
1225 2255 1479 2312 πληρῶσαι,
1529 2255 1708 2311 Θωχθεί

265 2318 520 2378 θωρηχθείς
548 2326 624 2363 etc.
653 2333 823 2375 quorum
851 2319 988 2363 thema
1018 2318 1116 2364 θόω
1146 2323 1301 2365 nomini
1339 2319 1471 2380 θοίνη
1510 2323 1728 2380 praestruit

264 2387 359 2430 ΕΜ,
390 2395 429 2430 et
465 2387 559 2430 hinc
591 2394 706 2444 aptus
746 2394 809 2430 est
847 2389 1025 2431 aoristus
1059 2386 1308 2432 Θώσασθαι
1338 2385 1614 2447 εὐωχηθῆναι
1651 2406 1728 2445 με·

264 2456 497 2512 θυσθῆναι
531 2453 628 2497 Hes.
671 2455 740 2511 qui
780 2455 930 2498 iisdem
971 2455 1110 2498 verbis
1152 2457 1440 2512 interpretatur
1477 2454 1728 2513 θήσασθαι.

356 2582 415 2626 54)
450 2579 660 2616 Dindorfius
688 2582 724 2616 in
750 2581 857 2619 The-5.
883 2581 945 2617 lv.
977 2580 1072 2615 1177.
1106 2580 1263 2616 novitios
1286 2581 1500 2628 scriptores,
1534 2581 1593 2626 qui
1616 2596 1728 2620 κατωο·

265 2641 454 2683 πτωθῆναι
485 2639 728 2684 protulerunt,
760 2639 862 2673 verbi
893 2639 1141 2681 καταποθῆναι
1176 2638 1403 2673 similitudine
1425 2639 1462 2673 in
1491 2649 1652 2675 errorem
1676 2640 1728 2676 in-

266 2696 392 2730 ductos
418 2707 499 2729 esse
523 2696 654 2731 statuit.
701 2694 793 2730 Mihi
818 2694 908 2730 haec
931 2693 1062 2740 injusta
1085 2693 1229 2728 videtur
1252 2695 1420 2741 suspicio.

355 2751 415 2794 55)
450 2752 577 2788 Anatis
615 2752 708 2788 adde
743 2748 896 2798 τμήσαιο
932 2750 1174 2788 Andromachi
1209 2750 1337 2788 Galen.
1378 2752 1425 2789 de
1457 2752 1573 2789 Antid.
1611 2765 1644 2800 p.
1669 2752 1725 2791 372

266 2807 306 2843 Τ.
331 2807 429 2843 xlv.
