<?xml version="1.0" encoding="UTF-8"?>
<!DOCTYPE html PUBLIC "-//W3C//DTD XHTML 1.0 Transitional//EN"
    "http://www.w3.org/TR/xhtml1/DTD/xhtml1-transitional.dtd">
<html xmlns="http://www.w3.org/1999/xhtml" xml:lang="en" lang="en">
 <head>
  <title>
</title>
<meta http-equiv="Content-Type" content="text/html;charset=utf-8" />
  <meta name='ocr-system' content='tesseract 3.04.00' />
  <meta name='ocr-capabilities' content='ocr_page ocr_carea ocr_par ocr_line ocrx_word'/>
</head>
<body>
  <div class='ocr_page' id='page_1' title='image "./rhematikonsiveve00lobeuoft_0210.png"; bbox 0 0 1728 3120; ppageno 0'>
   <div class='ocr_carea' id='block_1_1' title="bbox 225 175 1245 234">
    <p class='ocr_par' dir='ltr' id='par_1_1' title="bbox 225 175 1245 234">
     <span class='ocr_line' id='line_1_1' title="bbox 225 175 1245 234; baseline -0.007 -8"><span class='ocrx_word' id='word_1_1' title='bbox 225 188 320 234; x_wconf 50' lang='lat'><strong>1192</strong></span> <span class='ocrx_word' id='word_1_2' title='bbox 680 175 1125 219; x_wconf 86' lang='lat' dir='ltr'><strong>DISSERTATIO</strong></span> <span class='ocrx_word' id='word_1_3' title='bbox 1170 176 1245 219; x_wconf 81' lang='lat' dir='ltr'><strong>xl.</strong></span> 
     </span>
    </p>
   </div>
   <div class='ocr_carea' id='block_1_2' title="bbox 1637 262 1728 3120">
    <p class='ocr_par' dir='ltr' id='par_1_2' title="bbox 1637 262 1728 3120">
     <span class='ocr_line' id='line_1_2' title="bbox 1672 262 1728 507; baseline 0 -58"><span class='ocrx_word' id='word_1_4' title='bbox 1672 262 1728 507; x_wconf 95' lang='lat' dir='ltr'><strong>   </strong></span> 
     </span>
     <span class='ocr_line' id='line_1_3' title="bbox 1672 507 1728 780; baseline 0 -207"><span class='ocrx_word' id='word_1_5' title='bbox 1672 507 1728 780; x_wconf 95' lang='lat' dir='ltr'><strong>     </strong></span> 
     </span>
     <span class='ocr_line' id='line_1_4' title="bbox 1645 780 1728 1041; baseline 0 -120"><span class='ocrx_word' id='word_1_6' title='bbox 1645 780 1728 1041; x_wconf 95' lang='lat' dir='ltr'><strong>     </strong></span> 
     </span>
     <span class='ocr_line' id='line_1_5' title="bbox 1637 1041 1728 1129; baseline 0 -18"><span class='ocrx_word' id='word_1_7' title='bbox 1637 1041 1728 1129; x_wconf 95' lang='lat' dir='ltr'><strong>  </strong></span> 
     </span>
     <span class='ocr_line' id='line_1_6' title="bbox 1641 1129 1728 1327; baseline 0 -64"><span class='ocrx_word' id='word_1_8' title='bbox 1641 1129 1728 1327; x_wconf 95' lang='lat' dir='ltr'><strong>   </strong></span> 
     </span>
     <span class='ocr_line' id='line_1_7' title="bbox 1696 1327 1728 3120; baseline 0 0"><span class='ocrx_word' id='word_1_9' title='bbox 1696 1327 1728 3120; x_wconf 95' lang='lat' dir='ltr'><strong>   </strong></span> 
     </span>
    </p>
   </div>
   <div class='ocr_carea' id='block_1_3' title="bbox 209 287 1711 2480">
    <p class='ocr_par' dir='ltr' id='par_1_3' title="bbox 209 287 1711 2480">
     <span class='ocr_line' id='line_1_8' title="bbox 222 287 1676 344; baseline -0.004 -4"><span class='ocrx_word' id='word_1_10' title='bbox 222 298 466 340; x_wconf 80' lang='lat' dir='ltr'>adversatur</span> <span class='ocrx_word' id='word_1_11' title='bbox 505 295 699 333; x_wconf 81' lang='lat' dir='ltr'><strong>accentus</strong></span> <span class='ocrx_word' id='word_1_12' title='bbox 745 289 964 344; x_wconf 84' lang='lat' dir='ltr'><strong>participii.</strong></span> <span class='ocrx_word' id='word_1_13' title='bbox 1022 287 1127 330; x_wconf 88' lang='lat' dir='ltr'>Mihi</span> <span class='ocrx_word' id='word_1_14' title='bbox 1173 287 1347 331; x_wconf 80' lang='lat' dir='ltr'><strong>subesse</strong></span> <span class='ocrx_word' id='word_1_15' title='bbox 1391 289 1550 334; x_wconf 75' lang='lat' dir='ltr'><strong>videtur</strong></span> <span class='ocrx_word' id='word_1_16' title='bbox 1593 288 1676 337; x_wconf 80' lang='grc' dir='ltr'><strong>κέω</strong></span> 
     </span>
     <span class='ocr_line' id='line_1_9' title="bbox 221 349 1688 417; baseline -0.003 -12"><span class='ocrx_word' id='word_1_17' title='bbox 221 364 335 417; x_wconf 79' lang='lat' dir='ltr'><strong>enjus</strong></span> <span class='ocrx_word' id='word_1_18' title='bbox 365 357 581 415; x_wconf 84' lang='lat' dir='ltr'><strong>participio</strong></span> <span class='ocrx_word' id='word_1_19' title='bbox 612 356 734 398; x_wconf 88' lang='lat' dir='ltr'><strong>utitur</strong></span> <span class='ocrx_word' id='word_1_20' title='bbox 762 353 965 397; x_wconf 85' lang='lat' dir='ltr'><strong>Homerus</strong></span> <span class='ocrx_word' id='word_1_21' title='bbox 992 349 1100 411; x_wconf 70' lang='grc' dir='ltr'><em>ὄρσο</em></span> <span class='ocrx_word' id='word_1_22' title='bbox 1130 353 1253 405; x_wconf 80' lang='grc' dir='ltr'><em>κέων,</em></span> <span class='ocrx_word' id='word_1_23' title='bbox 1283 354 1557 407; x_wconf 64' lang='grc' dir='ltr'><em>κακκείοντες</em></span> <span class='ocrx_word' id='word_1_24' title='bbox 1587 354 1688 410; x_wconf 59' lang='grc' dir='ltr'><strong>ἔβα,</strong></span> 
     </span>
     <span class='ocr_line' id='line_1_10' title="bbox 221 418 1693 478; baseline -0.003 -8"><span class='ocrx_word' id='word_1_25' title='bbox 221 442 271 471; x_wconf 84' lang='lat' dir='ltr'><strong>eo</strong></span> <span class='ocrx_word' id='word_1_26' title='bbox 302 424 514 468; x_wconf 86' lang='lat' dir='ltr'><strong>intellectu</strong></span> <span class='ocrx_word' id='word_1_27' title='bbox 543 435 622 478; x_wconf 90' lang='lat' dir='ltr'><strong>quo</strong></span> <span class='ocrx_word' id='word_1_28' title='bbox 653 420 853 463; x_wconf 89' lang='lat' dir='ltr'><strong>interdum</strong></span> <span class='ocrx_word' id='word_1_29' title='bbox 886 418 964 464; x_wconf 82' lang='grc' dir='ltr'><strong>ἰών</strong></span> <span class='ocrx_word' id='word_1_30' title='bbox 995 421 1093 463; x_wconf 87' lang='lat' dir='ltr'><strong>dicit</strong></span> <span class='ocrx_word' id='word_1_31' title='bbox 1122 419 1201 463; x_wconf 86' lang='lat' dir='ltr'><strong>hoe</strong></span> <span class='ocrx_word' id='word_1_32' title='bbox 1231 426 1295 463; x_wconf 87' lang='lat' dir='ltr'><strong>est</strong></span> <span class='ocrx_word' id='word_1_33' title='bbox 1323 433 1398 477; x_wconf 90' lang='lat' dir='ltr'><strong>pro</strong></span> <span class='ocrx_word' id='word_1_34' title='bbox 1416 420 1578 473; x_wconf 61' lang='grc' dir='ltr'><strong>ᾔτηη-ος</strong></span> <span class='ocrx_word' id='word_1_35' title='bbox 1606 427 1693 470; x_wconf 56' lang='lat' dir='ltr'><strong>me*</strong></span> 
     </span>
     <span class='ocr_line' id='line_1_11' title="bbox 222 482 1687 544; baseline -0.003 -8"><span class='ocrx_word' id='word_1_36' title='bbox 222 496 290 537; x_wconf 85' lang='lat' dir='ltr'><strong>dio</strong></span> <span class='ocrx_word' id='word_1_37' title='bbox 323 492 495 535; x_wconf 81' lang='grc' dir='ltr'><em>κέονται</em></span> <span class='ocrx_word' id='word_1_38' title='bbox 522 490 631 532; x_wconf 88' lang='lat' dir='ltr'><strong>idem</strong></span> <span class='ocrx_word' id='word_1_39' title='bbox 661 489 785 530; x_wconf 90' lang='lat' dir='ltr'><strong>utitur</strong></span> <span class='ocrx_word' id='word_1_40' title='bbox 815 494 854 530; x_wconf 90' lang='lat' dir='ltr'><strong>et</strong></span> <span class='ocrx_word' id='word_1_41' title='bbox 868 487 1066 530; x_wconf 76' lang='lat' dir='ltr'><strong>Alcaeus·</strong></span> <span class='ocrx_word' id='word_1_42' title='bbox 1125 485 1366 543; x_wconf 85' lang='lat' dir='ltr'><strong>Repudiatis</strong></span> <span class='ocrx_word' id='word_1_43' title='bbox 1395 499 1502 544; x_wconf 84' lang='lat' dir='ltr'><strong>quae</strong></span> <span class='ocrx_word' id='word_1_44' title='bbox 1529 486 1582 531; x_wconf 81' lang='lat' dir='ltr'><strong>ab</strong></span> <span class='ocrx_word' id='word_1_45' title='bbox 1611 482 1687 535; x_wconf 68' lang='lat' dir='ltr'><strong>hu&#39;</strong></span> 
     </span>
     <span class='ocr_line' id='line_1_12' title="bbox 221 550 1686 612; baseline -0.005 -9"><span class='ocrx_word' id='word_1_46' title='bbox 221 560 304 605; x_wconf 85' lang='grc' dir='ltr'><strong>κέω</strong></span> <span class='ocrx_word' id='word_1_47' title='bbox 330 571 411 601; x_wconf 84' lang='grc' dir='ltr'><strong>ιιηο</strong></span> <span class='ocrx_word' id='word_1_48' title='bbox 430 556 563 612; x_wconf 84' lang='lat' dir='ltr'><strong>gradu</strong></span> <span class='ocrx_word' id='word_1_49' title='bbox 584 555 732 597; x_wconf 88' lang='lat' dir='ltr'><strong>absunt</strong></span> <span class='ocrx_word' id='word_1_50' title='bbox 752 555 854 611; x_wconf 81' lang='grc' dir='ltr'><strong>κῆμι</strong></span> <span class='ocrx_word' id='word_1_51' title='bbox 885 560 924 596; x_wconf 92' lang='lat' dir='ltr'><strong>et</strong></span> <span class='ocrx_word' id='word_1_52' title='bbox 948 550 1065 606; x_wconf 77' lang='grc' dir='ltr'><em>κἐῖμι</em></span> <span class='ocrx_word' id='word_1_53' title='bbox 1084 554 1319 610; x_wconf 84' lang='lat' dir='ltr'><strong>evitatoque</strong></span> <span class='ocrx_word' id='word_1_54' title='bbox 1335 566 1552 610; x_wconf 76' lang='lat' dir='ltr'><strong>paragogo</strong></span> <span class='ocrx_word' id='word_1_55' title='bbox 1583 553 1686 603; x_wconf 57' lang='grc' dir='ltr'><strong>κεέύῐ</strong></span> 
     </span>
     <span class='ocr_line' id='line_1_13' title="bbox 217 620 1695 684; baseline -0.004 -15"><span class='ocrx_word' id='word_1_56' title='bbox 217 641 292 684; x_wconf 86' lang='lat' dir='ltr'><strong>per</strong></span> <span class='ocrx_word' id='word_1_57' title='bbox 322 627 534 669; x_wconf 82' lang='lat' dir='ltr'><strong>circuitum</strong></span> <span class='ocrx_word' id='word_1_58' title='bbox 551 628 790 679; x_wconf 88' lang='lat' dir='ltr'><strong>perventum</strong></span> <span class='ocrx_word' id='word_1_59' title='bbox 820 627 883 663; x_wconf 88' lang='lat' dir='ltr'><strong>est</strong></span> <span class='ocrx_word' id='word_1_60' title='bbox 903 620 955 662; x_wconf 88' lang='lat' dir='ltr'><strong>ad</strong></span> <span class='ocrx_word' id='word_1_61' title='bbox 987 621 1138 673; x_wconf 84' lang='grc' dir='ltr'><em>κεῖμαι</em></span> <span class='ocrx_word' id='word_1_62' title='bbox 1162 633 1213 663; x_wconf 84' lang='lat' dir='ltr'><strong>ex</strong></span> <span class='ocrx_word' id='word_1_63' title='bbox 1242 620 1403 674; x_wconf 83' lang='grc' dir='ltr'><em>κέεμαι.</em></span> <span class='ocrx_word' id='word_1_64' title='bbox 1425 623 1695 670; x_wconf 56' lang='lat' dir='ltr'><strong>contractum*</strong></span> 
     </span>
     <span class='ocr_line' id='line_1_14' title="bbox 219 684 1671 748; baseline -0.003 -12"><span class='ocrx_word' id='word_1_65' title='bbox 219 695 335 748; x_wconf 81' lang='lat' dir='ltr'><strong>euJus</strong></span> <span class='ocrx_word' id='word_1_66' title='bbox 369 692 506 734; x_wconf 85' lang='lat' dir='ltr'><strong>activa</strong></span> <span class='ocrx_word' id='word_1_67' title='bbox 543 689 678 732; x_wconf 83' lang='lat' dir='ltr'><strong>forma</strong></span> <span class='ocrx_word' id='word_1_68' title='bbox 718 687 824 731; x_wconf 83' lang='lat' dir='ltr'><strong>soret</strong></span> <span class='ocrx_word' id='word_1_69' title='bbox 862 685 1004 742; x_wconf 82' lang='grc' dir='ltr'><em>κέημι.</em></span> <span class='ocrx_word' id='word_1_70' title='bbox 1062 684 1182 728; x_wconf 86' lang='lat' dir='ltr'><strong>Haud</strong></span> <span class='ocrx_word' id='word_1_71' title='bbox 1221 686 1345 730; x_wconf 82' lang='lat' dir='ltr'><strong>aliter</strong></span> <span class='ocrx_word' id='word_1_72' title='bbox 1373 686 1671 735; x_wconf 77' lang='lat' dir='ltr'><strong>Choeroboseu&#39;</strong></span> 
     </span>
     <span class='ocr_line' id='line_1_15' title="bbox 221 751 1678 803; baseline -0.004 0"><span class='ocrx_word' id='word_1_73' title='bbox 221 760 378 803; x_wconf 85' lang='lat' dir='ltr'><strong>Canon.</strong></span> <span class='ocrx_word' id='word_1_74' title='bbox 406 757 501 800; x_wconf 84' lang='lat'>667.</span> <span class='ocrx_word' id='word_1_75' title='bbox 542 754 678 798; x_wconf 88' lang='lat' dir='ltr'><strong>Cram.</strong></span> <span class='ocrx_word' id='word_1_76' title='bbox 717 752 848 797; x_wconf 84' lang='lat' dir='ltr'><strong>Oxou.</strong></span> <span class='ocrx_word' id='word_1_77' title='bbox 880 751 946 794; x_wconf 94' lang='lat' dir='ltr'><strong>lV.</strong></span> <span class='ocrx_word' id='word_1_78' title='bbox 975 751 1071 794; x_wconf 73' lang='lat'>381.</span> <span class='ocrx_word' id='word_1_79' title='bbox 1108 751 1243 796; x_wconf 86' lang='lat' dir='ltr'><strong>Paris.</strong></span> <span class='ocrx_word' id='word_1_80' title='bbox 1272 751 1324 795; x_wconf 91' lang='lat' dir='ltr'><strong>T.</strong></span> <span class='ocrx_word' id='word_1_81' title='bbox 1349 751 1417 796; x_wconf 92' lang='lat' dir='ltr'><strong>IV.</strong></span> <span class='ocrx_word' id='word_1_82' title='bbox 1444 755 1594 802; x_wconf 18' lang='lat' dir='ltr'><strong>22-4et</strong></span> <span class='ocrx_word' id='word_1_83' title='bbox 1623 753 1678 801; x_wconf 67' lang='lat'><strong>29</strong></span> 
     </span>
     <span class='ocr_line' id='line_1_16' title="bbox 219 812 1690 878; baseline -0.003 -9"><span class='ocrx_word' id='word_1_84' title='bbox 219 826 317 870; x_wconf 85' lang='lat' dir='ltr'>Sch.</span> <span class='ocrx_word' id='word_1_85' title='bbox 348 824 527 867; x_wconf 90' lang='lat' dir='ltr'><strong>Theocr.</strong></span> <span class='ocrx_word' id='word_1_86' title='bbox 557 821 587 864; x_wconf 93' lang='grc' dir='ltr'><strong>Ι.</strong></span> <span class='ocrx_word' id='word_1_87' title='bbox 615 821 684 864; x_wconf 77' lang='grc'><strong>48.</strong></span> <span class='ocrx_word' id='word_1_88' title='bbox 725 820 905 877; x_wconf 85' lang='lat' dir='ltr'><strong>explicat</strong></span> <span class='ocrx_word' id='word_1_89' title='bbox 942 818 1233 862; x_wconf 86' lang='lat' dir='ltr'><strong>correlativum</strong></span> <span class='ocrx_word' id='word_1_90' title='bbox 1270 812 1402 876; x_wconf 81' lang='grc' dir='ltr'><em>ἧμαι,</em></span> <span class='ocrx_word' id='word_1_91' title='bbox 1441 820 1551 878; x_wconf 86' lang='lat' dir='ltr'><strong>quod</strong></span> <span class='ocrx_word' id='word_1_92' title='bbox 1577 819 1690 865; x_wconf 45' lang='lat' dir='ltr'><strong>Butt*</strong></span> 
     </span>
     <span class='ocr_line' id='line_1_17' title="bbox 217 882 1699 947; baseline -0.004 -11"><span class='ocrx_word' id='word_1_93' title='bbox 217 905 368 936; x_wconf 82' lang='lat' dir='ltr'><strong>manno</strong></span> <span class='ocrx_word' id='word_1_94' title='bbox 396 890 621 947; x_wconf 85' lang='lat' dir='ltr'><strong>perfeetum</strong></span> <span class='ocrx_word' id='word_1_95' title='bbox 648 887 765 931; x_wconf 87' lang='lat' dir='ltr'><strong>verbi</strong></span> <span class='ocrx_word' id='word_1_96' title='bbox 797 886 855 931; x_wconf 74' lang='grc' dir='ltr'><strong>ἕω</strong></span> <span class='ocrx_word' id='word_1_97' title='bbox 884 886 1065 930; x_wconf 85' lang='lat' dir='ltr'><strong>videtur:</strong></span> <span class='ocrx_word' id='word_1_98' title='bbox 1110 882 1226 929; x_wconf 74' lang='grc' dir='ltr'><em>ἔστιν</em></span> <span class='ocrx_word' id='word_1_99' title='bbox 1254 884 1312 930; x_wconf 75' lang='grc' dir='ltr'><strong>ἕω</strong></span> <span class='ocrx_word' id='word_1_100' title='bbox 1343 885 1416 931; x_wconf 76' lang='grc' dir='ltr'><strong>καὶ</strong></span> <span class='ocrx_word' id='word_1_101' title='bbox 1446 886 1532 932; x_wconf 82' lang='grc' dir='ltr'><strong>κέω</strong></span> <span class='ocrx_word' id='word_1_102' title='bbox 1555 882 1699 944; x_wconf 61' lang='grc' dir='ltr'><em>βαρ”“</em></span> 
     </span>
     <span class='ocr_line' id='line_1_18' title="bbox 215 947 1665 1011; baseline -0.004 -8"><span class='ocrx_word' id='word_1_103' title='bbox 215 973 342 1003; x_wconf 69' lang='lat' dir='ltr'><em>&#39;lova&#39;</em></span> <span class='ocrx_word' id='word_1_104' title='bbox 386 973 524 1000; x_wconf 73' lang='grc' dir='ltr'><strong>ταυτα</strong></span> <span class='ocrx_word' id='word_1_105' title='bbox 565 954 916 1011; x_wconf 54' lang='grc' dir='ltr'><strong>περισπίθρίξνίυς</strong></span> <span class='ocrx_word' id='word_1_106' title='bbox 952 952 1116 1007; x_wconf 71' lang='grc' dir='ltr'><em>γίνεται</em></span> <span class='ocrx_word' id='word_1_107' title='bbox 1157 949 1215 995; x_wconf 74' lang='grc' dir='ltr'><strong>δῶ</strong></span> <span class='ocrx_word' id='word_1_108' title='bbox 1253 969 1324 996; x_wconf 75' lang='grc' dir='ltr'><strong>καί</strong></span> <span class='ocrx_word' id='word_1_109' title='bbox 1364 954 1473 1005; x_wconf 71' lang='grc' dir='ltr'><strong>κὸῶ,</strong></span> <span class='ocrx_word' id='word_1_110' title='bbox 1509 947 1606 997; x_wconf 71' lang='grc' dir='ltr'><strong>εἶτα</strong></span> <span class='ocrx_word' id='word_1_111' title='bbox 1643 951 1665 997; x_wconf 67' lang='grc' dir='ltr'><strong>ἐ</strong></span> 
     </span>
     <span class='ocr_line' id='line_1_19' title="bbox 216 1019 1695 1083; baseline -0.005 -11"><span class='ocrx_word' id='word_1_112' title='bbox 216 1026 381 1072; x_wconf 83' lang='grc' dir='ltr'><em>τούτων</em></span> <span class='ocrx_word' id='word_1_113' title='bbox 408 1023 571 1081; x_wconf 80' lang='grc' dir='ltr'><em>γίνεται</em></span> <span class='ocrx_word' id='word_1_114' title='bbox 596 1022 842 1079; x_wconf 78' lang='grc' dir='ltr'><em>παραγωγὰ</em></span> <span class='ocrx_word' id='word_1_115' title='bbox 874 1020 938 1072; x_wconf 82' lang='grc' dir='ltr'><strong>εἷς</strong></span> <span class='ocrx_word' id='word_1_116' title='bbox 962 1038 1013 1074; x_wconf 85' lang='grc' dir='ltr'><strong>μι</strong></span> <span class='ocrx_word' id='word_1_117' title='bbox 1047 1020 1149 1076; x_wconf 77' lang='grc' dir='ltr'><em>ἓημι</em></span> <span class='ocrx_word' id='word_1_118' title='bbox 1179 1019 1252 1064; x_wconf 85' lang='grc' dir='ltr'><strong>καὶ</strong></span> <span class='ocrx_word' id='word_1_119' title='bbox 1282 1021 1410 1078; x_wconf 84' lang='grc' dir='ltr'><em>κέημι</em></span> <span class='ocrx_word' id='word_1_120' title='bbox 1440 1019 1514 1065; x_wconf 79' lang='grc' dir='ltr'><strong>καὶ</strong></span> <span class='ocrx_word' id='word_1_121' title='bbox 1531 1020 1695 1083; x_wconf 45' lang='lat' dir='ltr'><strong>»lom-⁸*k</strong></span> 
     </span>
     <span class='ocr_line' id='line_1_20' title="bbox 215 1080 1611 1148; baseline -0.004 -10"><span class='ocrx_word' id='word_1_122' title='bbox 215 1112 238 1137; x_wconf 88' lang='grc'><strong>0</strong></span> <span class='ocrx_word' id='word_1_123' title='bbox 273 1090 528 1148; x_wconf 66' lang='grc' dir='ltr'><em>παθητικος</em></span> <span class='ocrx_word' id='word_1_124' title='bbox 569 1087 753 1140; x_wconf 70' lang='lat' dir='ltr'><strong>e’veo‘lcog</strong></span> <span class='ocrx_word' id='word_1_125' title='bbox 789 1105 916 1143; x_wconf 61' lang='grc' dir='ltr'><strong>(ἵεμαι</strong></span> <span class='ocrx_word' id='word_1_126' title='bbox 947 1087 1021 1131; x_wconf 70' lang='grc' dir='ltr'><strong>καὶ</strong></span> <span class='ocrx_word' id='word_1_127' title='bbox 1051 1085 1162 1131; x_wconf 71' lang='grc' dir='ltr'><strong>κατὰ</strong></span> <span class='ocrx_word' id='word_1_128' title='bbox 1191 1089 1346 1145; x_wconf 67' lang='grc' dir='ltr'><strong><em>κρᾶσιν</em></strong></span> <span class='ocrx_word' id='word_1_129' title='bbox 1374 1080 1506 1145; x_wconf 73' lang='grc' dir='ltr'><em>ἧμαι,</em></span> <span class='ocrx_word' id='word_1_130' title='bbox 1545 1090 1611 1145; x_wconf 74' lang='grc' dir='ltr'><strong>πῆ</strong></span> 
     </span>
     <span class='ocr_line' id='line_1_21' title="bbox 217 1153 1698 1218; baseline -0.004 -12"><span class='ocrx_word' id='word_1_131' title='bbox 217 1161 282 1214; x_wconf 82' lang='grc' dir='ltr'><strong>εἰς</strong></span> <span class='ocrx_word' id='word_1_132' title='bbox 328 1160 405 1218; x_wconf 80' lang='grc' dir='ltr'><strong>τὴν</strong></span> <span class='ocrx_word' id='word_1_133' title='bbox 445 1177 483 1203; x_wconf 87' lang='grc' dir='ltr'><strong>ει</strong></span> <span class='ocrx_word' id='word_1_134' title='bbox 523 1157 769 1215; x_wconf 72' lang='grc' dir='ltr'><em>δίφθογγον</em></span> <span class='ocrx_word' id='word_1_135' title='bbox 811 1160 971 1211; x_wconf 85' lang='grc' dir='ltr'><em>κεῖμαι.</em></span> <span class='ocrx_word' id='word_1_136' title='bbox 1035 1155 1150 1200; x_wconf 85' lang='lat' dir='ltr'><strong>Haec</strong></span> <span class='ocrx_word' id='word_1_137' title='bbox 1187 1156 1449 1200; x_wconf 81' lang='lat' dir='ltr'><strong>manifestum</strong></span> <span class='ocrx_word' id='word_1_138' title='bbox 1483 1163 1550 1200; x_wconf 83' lang='lat' dir='ltr'><strong>est</strong></span> <span class='ocrx_word' id='word_1_139' title='bbox 1578 1153 1698 1201; x_wconf 60' lang='lat' dir='ltr'><strong>aas?</strong></span> 
     </span>
     <span class='ocr_line' id='line_1_22' title="bbox 215 1222 1637 1280; baseline -0.005 -7"><span class='ocrx_word' id='word_1_140' title='bbox 215 1226 463 1273; x_wconf 74' lang='grc' dir='ltr'><em>ὑπόστασιν</em></span> <span class='ocrx_word' id='word_1_141' title='bbox 494 1225 588 1275; x_wconf 87' lang='lat' dir='ltr'><strong>diei,</strong></span> <span class='ocrx_word' id='word_1_142' title='bbox 617 1237 794 1280; x_wconf 86' lang='lat' dir='ltr'><strong>namque</strong></span> <span class='ocrx_word' id='word_1_143' title='bbox 812 1223 968 1266; x_wconf 88' lang='lat' dir='ltr'><strong>nullum</strong></span> <span class='ocrx_word' id='word_1_144' title='bbox 999 1236 1094 1265; x_wconf 90' lang='lat' dir='ltr'><strong>esse</strong></span> <span class='ocrx_word' id='word_1_145' title='bbox 1110 1222 1280 1266; x_wconf 87' lang='lat' dir='ltr'><strong>verbum</strong></span> <span class='ocrx_word' id='word_1_146' title='bbox 1305 1224 1553 1280; x_wconf 67' lang='lat' dir='ltr'><strong>primitivum</strong></span> <span class='ocrx_word' id='word_1_147' title='bbox 1574 1225 1637 1279; x_wconf 86' lang='lat' dir='ltr'><strong>cuj</strong></span> 
     </span>
     <span class='ocr_line' id='line_1_23' title="bbox 213 1291 1703 1354; baseline -0.002 -14"><span class='ocrx_word' id='word_1_148' title='bbox 213 1305 299 1341; x_wconf 86' lang='lat' dir='ltr'><strong>tres</strong></span> <span class='ocrx_word' id='word_1_149' title='bbox 332 1299 414 1339; x_wconf 86' lang='lat' dir='ltr'><strong>sint</strong></span> <span class='ocrx_word' id='word_1_150' title='bbox 441 1295 588 1338; x_wconf 85' lang='lat' dir='ltr'><strong>literae</strong></span> <span class='ocrx_word' id='word_1_151' title='bbox 620 1300 827 1336; x_wconf 80' lang='lat' dir='ltr'>extremae</span> <span class='ocrx_word' id='word_1_152' title='bbox 859 1309 953 1343; x_wconf 84' lang='grc' dir='ltr'><em>εεω,</em></span> <span class='ocrx_word' id='word_1_153' title='bbox 983 1291 1080 1334; x_wconf 93' lang='lat' dir='ltr'><strong>illos</strong></span> <span class='ocrx_word' id='word_1_154' title='bbox 1112 1298 1222 1335; x_wconf 85' lang='lat' dir='ltr'><strong>certe</strong></span> <span class='ocrx_word' id='word_1_155' title='bbox 1251 1305 1335 1336; x_wconf 91' lang='lat' dir='ltr'><strong>non</strong></span> <span class='ocrx_word' id='word_1_156' title='bbox 1362 1292 1480 1348; x_wconf 83' lang='lat' dir='ltr'><strong>fugit.</strong></span> <span class='ocrx_word' id='word_1_157' title='bbox 1537 1291 1703 1354; x_wconf 61' lang='lat' dir='ltr'><strong>Eorum</strong></span> 
     </span>
     <span class='ocr_line' id='line_1_24' title="bbox 217 1358 1701 1421; baseline -0.002 -14"><span class='ocrx_word' id='word_1_158' title='bbox 217 1377 323 1421; x_wconf 87' lang='lat' dir='ltr'><strong>quae</strong></span> <span class='ocrx_word' id='word_1_159' title='bbox 357 1361 482 1419; x_wconf 79' lang='lat' dir='ltr'><strong>alpha,</strong></span> <span class='ocrx_word' id='word_1_160' title='bbox 510 1363 552 1403; x_wconf 92' lang='lat' dir='ltr'><strong>in</strong></span> <span class='ocrx_word' id='word_1_161' title='bbox 582 1360 819 1417; x_wconf 86' lang='lat' dir='ltr'><strong>primordiis</strong></span> <span class='ocrx_word' id='word_1_162' title='bbox 849 1358 1001 1401; x_wconf 83' lang='lat' dir='ltr'><strong>habent</strong></span> <span class='ocrx_word' id='word_1_163' title='bbox 1030 1359 1214 1414; x_wconf 84' lang='lat' dir='ltr'><strong>vestigia</strong></span> <span class='ocrx_word' id='word_1_164' title='bbox 1237 1360 1444 1416; x_wconf 79' lang='lat' dir='ltr'><strong>impressa</strong></span> <span class='ocrx_word' id='word_1_165' title='bbox 1467 1366 1562 1403; x_wconf 89' lang='lat' dir='ltr'><strong>sunt</strong></span> <span class='ocrx_word' id='word_1_166' title='bbox 1585 1366 1701 1406; x_wconf 42' lang='lat' dir='ltr'><strong>temet</strong></span> 
     </span>
     <span class='ocr_line' id='line_1_25' title="bbox 213 1423 1701 1487; baseline -0.001 -15"><span class='ocrx_word' id='word_1_167' title='bbox 213 1430 383 1487; x_wconf 85' lang='lat' dir='ltr'><strong>poribus</strong></span> <span class='ocrx_word' id='word_1_168' title='bbox 406 1428 599 1484; x_wconf 88' lang='lat' dir='ltr'><strong>obliquis.</strong></span> <span class='ocrx_word' id='word_1_169' title='bbox 653 1424 907 1484; x_wconf 80' lang='grc' dir='ltr'><em>Ἐπριάμην,</em></span> <span class='ocrx_word' id='word_1_170' title='bbox 938 1425 1046 1481; x_wconf 89' lang='lat' dir='ltr'><strong>quod</strong></span> <span class='ocrx_word' id='word_1_171' title='bbox 1072 1426 1218 1468; x_wconf 86' lang='lat' dir='ltr'><strong>aoristi</strong></span> <span class='ocrx_word' id='word_1_172' title='bbox 1245 1425 1383 1468; x_wconf 88' lang='lat' dir='ltr'><strong>locum</strong></span> <span class='ocrx_word' id='word_1_173' title='bbox 1410 1428 1582 1484; x_wconf 82' lang='lat' dir='ltr'><strong>aceepit,</strong></span> <span class='ocrx_word' id='word_1_174' title='bbox 1612 1423 1701 1471; x_wconf 61' lang='grc' dir='ltr'><strong>118ὲῖ</strong></span> 
     </span>
     <span class='ocr_line' id='line_1_26' title="bbox 213 1490 1700 1552; baseline -0.002 -12"><span class='ocrx_word' id='word_1_175' title='bbox 213 1505 306 1540; x_wconf 85' lang='lat' dir='ltr'><strong>tura</strong></span> <span class='ocrx_word' id='word_1_176' title='bbox 335 1495 616 1552; x_wconf 83' lang='lat' dir='ltr'><strong>imperfectum</strong></span> <span class='ocrx_word' id='word_1_177' title='bbox 649 1500 713 1536; x_wconf 89' lang='lat' dir='ltr'><strong>est</strong></span> <span class='ocrx_word' id='word_1_178' title='bbox 739 1493 856 1536; x_wconf 88' lang='lat' dir='ltr'><strong>verbi</strong></span> <span class='ocrx_word' id='word_1_179' title='bbox 888 1490 1103 1549; x_wconf 82' lang='grc' dir='ltr'><em>πρίαμαι,</em></span> <span class='ocrx_word' id='word_1_180' title='bbox 1131 1492 1248 1547; x_wconf 87' lang='lat' dir='ltr'><strong>cujus</strong></span> <span class='ocrx_word' id='word_1_181' title='bbox 1278 1493 1416 1536; x_wconf 79' lang='lat' dir='ltr'><strong>activa</strong></span> <span class='ocrx_word' id='word_1_182' title='bbox 1443 1493 1578 1537; x_wconf 80' lang='lat' dir='ltr'><strong>forma</strong></span> <span class='ocrx_word' id='word_1_183' title='bbox 1605 1496 1700 1538; x_wconf 59' lang='lat' dir='ltr'><strong>nom</strong></span> 
     </span>
     <span class='ocr_line' id='line_1_27' title="bbox 216 1557 1701 1618; baseline -0.002 -11"><span class='ocrx_word' id='word_1_184' title='bbox 216 1578 268 1607; x_wconf 86' lang='lat' dir='ltr'><strong>ea</strong></span> <span class='ocrx_word' id='word_1_185' title='bbox 299 1576 394 1606; x_wconf 90' lang='lat' dir='ltr'><strong>esse</strong></span> <span class='ocrx_word' id='word_1_186' title='bbox 427 1567 560 1618; x_wconf 84' lang='lat' dir='ltr'><strong>potest</strong></span> <span class='ocrx_word' id='word_1_187' title='bbox 597 1573 720 1616; x_wconf 86' lang='lat' dir='ltr'><strong>quam</strong></span> <span class='ocrx_word' id='word_1_188' title='bbox 747 1559 997 1616; x_wconf 90' lang='lat' dir='ltr'><strong>Apollonius</strong></span> <span class='ocrx_word' id='word_1_189' title='bbox 1031 1559 1147 1614; x_wconf 90' lang='lat' dir='ltr'><strong>ponit</strong></span> <span class='ocrx_word' id='word_1_190' title='bbox 1165 1559 1206 1610; x_wconf 82' lang='lat'><strong>⁴)</strong></span> <span class='ocrx_word' id='word_1_191' title='bbox 1245 1558 1321 1601; x_wconf 87' lang='lat' dir='ltr'><strong>sed</strong></span> <span class='ocrx_word' id='word_1_192' title='bbox 1347 1557 1511 1616; x_wconf 80' lang='grc' dir='ltr'><em>πρίημι</em></span> <span class='ocrx_word' id='word_1_193' title='bbox 1539 1567 1582 1604; x_wconf 80' lang='lat' dir='ltr'><strong>et</strong></span> <span class='ocrx_word' id='word_1_194' title='bbox 1607 1560 1701 1605; x_wconf 54' lang='lat' dir='ltr'><strong>hae}⁷</strong></span> 
     </span>
     <span class='ocr_line' id='line_1_28' title="bbox 212 1623 1697 1686; baseline -0.001 -13"><span class='ocrx_word' id='word_1_195' title='bbox 212 1630 386 1673; x_wconf 87' lang='lat' dir='ltr'><strong>ulterior</strong></span> <span class='ocrx_word' id='word_1_196' title='bbox 411 1625 573 1683; x_wconf 80' lang='grc' dir='ltr'><em>πριάω.</em></span> <span class='ocrx_word' id='word_1_197' title='bbox 632 1625 839 1681; x_wconf 82' lang='grc' dir='ltr'><em>Πρίαμαι</em></span> <span class='ocrx_word' id='word_1_198' title='bbox 866 1627 966 1668; x_wconf 72' lang='lat' dir='ltr'><strong>vero</strong></span> <span class='ocrx_word' id='word_1_199' title='bbox 1007 1631 1046 1667; x_wconf 92' lang='lat' dir='ltr'><strong>et</strong></span> <span class='ocrx_word' id='word_1_200' title='bbox 1084 1638 1342 1680; x_wconf 86' lang='lat' dir='ltr'><strong>synonymon</strong></span> <span class='ocrx_word' id='word_1_201' title='bbox 1370 1623 1526 1684; x_wconf 79' lang='grc' dir='ltr'><em>περάω</em></span> <span class='ocrx_word' id='word_1_202' title='bbox 1558 1627 1697 1686; x_wconf 41' lang='grc' dir='ltr'><strong>’(πέρε-Ι</strong></span> 
     </span>
     <span class='ocr_line' id='line_1_29' title="bbox 212 1690 1705 1749; baseline -0.005 -9"><span class='ocrx_word' id='word_1_203' title='bbox 212 1700 365 1749; x_wconf 82' lang='grc' dir='ltr'><em>ναμαι)</em></span> <span class='ocrx_word' id='word_1_204' title='bbox 407 1694 553 1737; x_wconf 93' lang='lat' dir='ltr'><strong>eodem</strong></span> <span class='ocrx_word' id='word_1_205' title='bbox 594 1693 714 1736; x_wconf 88' lang='lat' dir='ltr'><strong>modo</strong></span> <span class='ocrx_word' id='word_1_206' title='bbox 754 1693 861 1735; x_wconf 91' lang='lat' dir='ltr'><strong>inter</strong></span> <span class='ocrx_word' id='word_1_207' title='bbox 899 1705 944 1735; x_wconf 93' lang='lat' dir='ltr'><strong>se</strong></span> <span class='ocrx_word' id='word_1_208' title='bbox 980 1698 1220 1748; x_wconf 82' lang='lat' dir='ltr'><strong>comparata</strong></span> <span class='ocrx_word' id='word_1_209' title='bbox 1258 1699 1370 1744; x_wconf 80' lang='lat' dir='ltr'><strong>sunt,</strong></span> <span class='ocrx_word' id='word_1_210' title='bbox 1407 1705 1489 1749; x_wconf 80' lang='lat' dir='ltr'><strong>quo</strong></span> <span class='ocrx_word' id='word_1_211' title='bbox 1522 1690 1705 1749; x_wconf 73' lang='grc' dir='ltr'><em>ἔραμαι,</em></span> 
     </span>
     <span class='ocr_line' id='line_1_30' title="bbox 213 1758 1702 1818; baseline -0.001 -12"><span class='ocrx_word' id='word_1_212' title='bbox 213 1770 252 1806; x_wconf 87' lang='lat' dir='ltr'><strong>et</strong></span> <span class='ocrx_word' id='word_1_213' title='bbox 283 1759 427 1818; x_wconf 78' lang='grc' dir='ltr'><em>ὲράω,</em></span> <span class='ocrx_word' id='word_1_214' title='bbox 466 1762 549 1802; x_wconf 89' lang='lat' dir='ltr'><strong>nisi</strong></span> <span class='ocrx_word' id='word_1_215' title='bbox 579 1760 687 1816; x_wconf 91' lang='lat' dir='ltr'><strong>quod</strong></span> <span class='ocrx_word' id='word_1_216' title='bbox 727 1759 830 1801; x_wconf 90' lang='lat' dir='ltr'><strong>illud</strong></span> <span class='ocrx_word' id='word_1_217' title='bbox 870 1772 962 1802; x_wconf 84' lang='lat' dir='ltr'><strong>eam</strong></span> <span class='ocrx_word' id='word_1_218' title='bbox 1000 1760 1181 1815; x_wconf 85' lang='lat' dir='ltr'><strong>speciem</strong></span> <span class='ocrx_word' id='word_1_219' title='bbox 1215 1758 1341 1802; x_wconf 88' lang='lat' dir='ltr'><strong>habet</strong></span> <span class='ocrx_word' id='word_1_220' title='bbox 1369 1765 1412 1802; x_wconf 88' lang='lat' dir='ltr'><strong>ut</strong></span> <span class='ocrx_word' id='word_1_221' title='bbox 1441 1773 1493 1803; x_wconf 84' lang='lat' dir='ltr'><strong>ex</strong></span> <span class='ocrx_word' id='word_1_222' title='bbox 1521 1758 1702 1807; x_wconf 65' lang='lat' dir='ltr'><strong>aeolico*</strong></span> 
     </span>
     <span class='ocr_line' id='line_1_31' title="bbox 212 1823 1705 1886; baseline 0 -14"><span class='ocrx_word' id='word_1_223' title='bbox 212 1826 440 1886; x_wconf 71' lang='grc' dir='ltr'><em>πέρῥαμαι</em></span> <span class='ocrx_word' id='word_1_224' title='bbox 476 1834 607 1870; x_wconf 89' lang='lat' dir='ltr'><strong>ortum</strong></span> <span class='ocrx_word' id='word_1_225' title='bbox 646 1827 836 1870; x_wconf 86' lang='lat' dir='ltr'><strong>videatur</strong></span> <span class='ocrx_word' id='word_1_226' title='bbox 864 1839 943 1882; x_wconf 91' lang='lat' dir='ltr'><strong>quo</strong></span> <span class='ocrx_word' id='word_1_227' title='bbox 983 1825 1105 1869; x_wconf 89' lang='lat' dir='ltr'><strong>modo</strong></span> <span class='ocrx_word' id='word_1_228' title='bbox 1135 1823 1342 1882; x_wconf 83' lang='grc' dir='ltr'><em>Πρίαμος</em></span> <span class='ocrx_word' id='word_1_229' title='bbox 1370 1839 1423 1870; x_wconf 79' lang='lat' dir='ltr'><strong>ex</strong></span> <span class='ocrx_word' id='word_1_230' title='bbox 1449 1823 1705 1885; x_wconf 60' lang='grc' dir='ltr'><strong>Πέῤῥαμορἓ</strong></span> 
     </span>
     <span class='ocr_line' id='line_1_32' title="bbox 211 1889 1685 1949; baseline -0.002 -11"><span class='ocrx_word' id='word_1_231' title='bbox 211 1897 396 1939; x_wconf 78' lang='lat' dir='ltr'><strong>extitisse</strong></span> <span class='ocrx_word' id='word_1_232' title='bbox 434 1895 583 1937; x_wconf 86' lang='lat' dir='ltr'><strong>dicunt.</strong></span> <span class='ocrx_word' id='word_1_233' title='bbox 642 1891 825 1949; x_wconf 80' lang='grc' dir='ltr'><em>Δεάμην</em></span> <span class='ocrx_word' id='word_1_234' title='bbox 855 1890 1064 1946; x_wconf 78' lang='grc' dir='ltr'><em>ἐδόξαζον</em></span> <span class='ocrx_word' id='word_1_235' title='bbox 1093 1889 1307 1947; x_wconf 79' lang='grc' dir='ltr'>(ἐδόκουν)</span> <span class='ocrx_word' id='word_1_236' title='bbox 1340 1891 1438 1936; x_wconf 92' lang='lat' dir='ltr'><strong>Hes.</strong></span> <span class='ocrx_word' id='word_1_237' title='bbox 1477 1899 1517 1936; x_wconf 89' lang='lat' dir='ltr'><strong>et</strong></span> <span class='ocrx_word' id='word_1_238' title='bbox 1544 1892 1685 1937; x_wconf 74' lang='lat' dir='ltr'><strong>home-3</strong></span> 
     </span>
     <span class='ocr_line' id='line_1_33' title="bbox 211 1956 1685 2017; baseline -0.001 -13"><span class='ocrx_word' id='word_1_239' title='bbox 211 1964 341 2004; x_wconf 87' lang='lat' dir='ltr'><strong>rieum</strong></span> <span class='ocrx_word' id='word_1_240' title='bbox 371 1961 501 2004; x_wconf 81' lang='grc' dir='ltr'><em>ὁέατο</em></span> <span class='ocrx_word' id='word_1_241' title='bbox 533 1959 601 2003; x_wconf 86' lang='lat' dir='ltr'><strong>vel</strong></span> <span class='ocrx_word' id='word_1_242' title='bbox 633 1966 676 2001; x_wconf 91' lang='lat' dir='ltr'><strong>ut</strong></span> <span class='ocrx_word' id='word_1_243' title='bbox 708 1959 781 2001; x_wconf 87' lang='lat' dir='ltr'><strong>alii</strong></span> <span class='ocrx_word' id='word_1_244' title='bbox 811 1958 994 2001; x_wconf 86' lang='lat' dir='ltr'><strong>scribunt</strong></span> <span class='ocrx_word' id='word_1_245' title='bbox 1025 1956 1181 2010; x_wconf 77' lang='grc' dir='ltr'><em>δόατο,</em></span> <span class='ocrx_word' id='word_1_246' title='bbox 1218 1973 1301 2003; x_wconf 90' lang='lat' dir='ltr'><strong>non</strong></span> <span class='ocrx_word' id='word_1_247' title='bbox 1331 1959 1445 2003; x_wconf 85' lang='lat' dir='ltr'><strong>aliud</strong></span> <span class='ocrx_word' id='word_1_248' title='bbox 1472 1960 1685 2017; x_wconf 83' lang='lat' dir='ltr'><strong>protypuni</strong></span> 
     </span>
     <span class='ocr_line' id='line_1_34' title="bbox 209 2022 1685 2083; baseline 0 -13"><span class='ocrx_word' id='word_1_249' title='bbox 209 2028 364 2070; x_wconf 87' lang='lat' dir='ltr'><strong>habere</strong></span> <span class='ocrx_word' id='word_1_250' title='bbox 388 2033 520 2082; x_wconf 84' lang='lat' dir='ltr'><strong>potest</strong></span> <span class='ocrx_word' id='word_1_251' title='bbox 550 2039 671 2081; x_wconf 86' lang='lat' dir='ltr'><strong>quam</strong></span> <span class='ocrx_word' id='word_1_252' title='bbox 693 2024 823 2080; x_wconf 75' lang='grc' dir='ltr'><em>ὁὲημι</em></span> <span class='ocrx_word' id='word_1_253' title='bbox 852 2031 891 2066; x_wconf 89' lang='lat' dir='ltr'><strong>et</strong></span> <span class='ocrx_word' id='word_1_254' title='bbox 912 2022 1043 2079; x_wconf 82' lang='grc' dir='ltr'><em>ὄόημι</em></span> <span class='ocrx_word' id='word_1_255' title='bbox 1074 2031 1114 2066; x_wconf 89' lang='lat' dir='ltr'><strong>et</strong></span> <span class='ocrx_word' id='word_1_256' title='bbox 1133 2025 1298 2080; x_wconf 84' lang='lat' dir='ltr'><strong>longius</strong></span> <span class='ocrx_word' id='word_1_257' title='bbox 1326 2027 1685 2083; x_wconf 80' lang='lat' dir='ltr'><strong>prospectantibus</strong></span> 
     </span>
     <span class='ocr_line' id='line_1_35' title="bbox 212 2087 1686 2148; baseline -0.001 -10"><span class='ocrx_word' id='word_1_258' title='bbox 212 2094 340 2143; x_wconf 83' lang='grc' dir='ltr'><em>ὁέαω,</em></span> <span class='ocrx_word' id='word_1_259' title='bbox 372 2090 514 2136; x_wconf 65' lang='lat' dir='ltr'><strong>dodw-</strong></span> <span class='ocrx_word' id='word_1_260' title='bbox 544 2105 640 2134; x_wconf 85' lang='lat' dir='ltr'><strong>nam</strong></span> <span class='ocrx_word' id='word_1_261' title='bbox 670 2105 722 2134; x_wconf 84' lang='lat' dir='ltr'><strong>ex</strong></span> <span class='ocrx_word' id='word_1_262' title='bbox 742 2091 827 2135; x_wconf 74' lang='grc' dir='ltr'><strong>δέω</strong></span> <span class='ocrx_word' id='word_1_263' title='bbox 859 2087 950 2132; x_wconf 82' lang='grc' dir='ltr'><strong>ὁόω</strong></span> <span class='ocrx_word' id='word_1_264' title='bbox 972 2097 1242 2134; x_wconf 84' lang='lat' dir='ltr'><strong>nascerentur</strong></span> <span class='ocrx_word' id='word_1_265' title='bbox 1269 2092 1377 2148; x_wconf 81' lang='grc' dir='ltr'><em>δῆμι</em></span> <span class='ocrx_word' id='word_1_266' title='bbox 1397 2091 1539 2143; x_wconf 80' lang='grc' dir='ltr'><em>δέμαι,</em></span> <span class='ocrx_word' id='word_1_267' title='bbox 1570 2093 1686 2147; x_wconf 79' lang='grc' dir='ltr'><em>δῶμι·</em></span> 
     </span>
     <span class='ocr_line' id='line_1_36' title="bbox 212 2156 1687 2216; baseline 0 -13"><span class='ocrx_word' id='word_1_268' title='bbox 212 2157 368 2212; x_wconf 81' lang='grc' dir='ltr'><em>ὁόμαι,</em></span> <span class='ocrx_word' id='word_1_269' title='bbox 410 2171 515 2214; x_wconf 83' lang='lat' dir='ltr'><strong>quae</strong></span> <span class='ocrx_word' id='word_1_270' title='bbox 557 2171 610 2200; x_wconf 91' lang='lat' dir='ltr'><strong>ne</strong></span> <span class='ocrx_word' id='word_1_271' title='bbox 653 2157 753 2213; x_wconf 84' lang='lat' dir='ltr'><strong>fingi</strong></span> <span class='ocrx_word' id='word_1_272' title='bbox 789 2157 953 2213; x_wconf 90' lang='lat' dir='ltr'><strong>quidem</strong></span> <span class='ocrx_word' id='word_1_273' title='bbox 991 2163 1082 2213; x_wconf 80' lang='lat' dir='ltr'><strong>apte</strong></span> <span class='ocrx_word' id='word_1_274' title='bbox 1119 2165 1304 2214; x_wconf 85' lang='lat' dir='ltr'><strong>possunt.</strong></span> <span class='ocrx_word' id='word_1_275' title='bbox 1361 2156 1554 2215; x_wconf 84' lang='lat' dir='ltr'><strong>Scrupuli</strong></span> <span class='ocrx_word' id='word_1_276' title='bbox 1593 2159 1687 2216; x_wconf 66' lang='lat' dir='ltr'><strong>plus,</strong></span> 
     </span>
     <span class='ocr_line' id='line_1_37' title="bbox 209 2222 1711 2282; baseline -0.001 -12"><span class='ocrx_word' id='word_1_277' title='bbox 209 2227 331 2270; x_wconf 89' lang='lat' dir='ltr'><strong>nobis</strong></span> <span class='ocrx_word' id='word_1_278' title='bbox 369 2225 568 2282; x_wconf 80' lang='lat' dir='ltr'><strong>praebent</strong></span> <span class='ocrx_word' id='word_1_279' title='bbox 607 2225 713 2267; x_wconf 88' lang='lat' dir='ltr'><strong>duae</strong></span> <span class='ocrx_word' id='word_1_280' title='bbox 743 2223 943 2280; x_wconf 83' lang='lat' dir='ltr'><strong>Hesychii</strong></span> <span class='ocrx_word' id='word_1_281' title='bbox 979 2224 1152 2279; x_wconf 82' lang='lat' dir='ltr'><strong>glossae</strong></span> <span class='ocrx_word' id='word_1_282' title='bbox 1190 2222 1397 2268; x_wconf 75' lang='grc' dir='ltr'><em>Κίασθαι</em></span> <span class='ocrx_word' id='word_1_283' title='bbox 1426 2227 1612 2281; x_wconf 67' lang='grc' dir='ltr'><strong>ικεῖσθαι</strong></span> <span class='ocrx_word' id='word_1_284' title='bbox 1644 2232 1711 2269; x_wconf 64' lang='lat' dir='ltr'><strong>etv</strong></span> 
     </span>
     <span class='ocr_line' id='line_1_38' title="bbox 209 2291 1706 2349; baseline 0.001 -14"><span class='ocrx_word' id='word_1_285' title='bbox 209 2293 352 2336; x_wconf 81' lang='grc' dir='ltr'><em>Κίατο</em></span> <span class='ocrx_word' id='word_1_286' title='bbox 394 2291 598 2341; x_wconf 77' lang='grc' dir='ltr'><em>ἐκινεῖτο,</em></span> <span class='ocrx_word' id='word_1_287' title='bbox 648 2293 691 2334; x_wconf 89' lang='lat' dir='ltr'><strong>in</strong></span> <span class='ocrx_word' id='word_1_288' title='bbox 729 2291 876 2348; x_wconf 92' lang='lat' dir='ltr'><strong>quibus</strong></span> <span class='ocrx_word' id='word_1_289' title='bbox 916 2293 953 2334; x_wconf 90' lang='lat' dir='ltr'><strong>si</strong></span> <span class='ocrx_word' id='word_1_290' title='bbox 992 2293 1131 2335; x_wconf 84' lang='lat' dir='ltr'><strong>omnia</strong></span> <span class='ocrx_word' id='word_1_291' title='bbox 1172 2292 1347 2347; x_wconf 86' lang='lat' dir='ltr'><strong>integre·</strong></span> <span class='ocrx_word' id='word_1_292' title='bbox 1369 2298 1411 2334; x_wconf 91' lang='lat' dir='ltr'><strong>et</strong></span> <span class='ocrx_word' id='word_1_293' title='bbox 1448 2292 1706 2349; x_wconf 83' lang='lat' dir='ltr'><strong>incorrupte·</strong></span> 
     </span>
     <span class='ocr_line' id='line_1_39' title="bbox 210 2358 1706 2415; baseline 0 -13"><span class='ocrx_word' id='word_1_294' title='bbox 210 2361 364 2415; x_wconf 82' lang='lat' dir='ltr'><strong>scripta</strong></span> <span class='ocrx_word' id='word_1_295' title='bbox 394 2365 504 2409; x_wconf 88' lang='lat' dir='ltr'><strong>sunt,</strong></span> <span class='ocrx_word' id='word_1_296' title='bbox 545 2358 624 2401; x_wconf 89' lang='lat' dir='ltr'><strong>duo</strong></span> <span class='ocrx_word' id='word_1_297' title='bbox 667 2366 921 2414; x_wconf 79' lang='lat' dir='ltr'><strong>exponuntur</strong></span> <span class='ocrx_word' id='word_1_298' title='bbox 957 2359 1087 2402; x_wconf 87' lang='lat' dir='ltr'><strong>verba</strong></span> <span class='ocrx_word' id='word_1_299' title='bbox 1123 2371 1226 2402; x_wconf 91' lang='lat' dir='ltr'><strong>sono</strong></span> <span class='ocrx_word' id='word_1_300' title='bbox 1267 2358 1437 2409; x_wconf 89' lang='lat' dir='ltr'><strong>eodem,</strong></span> <span class='ocrx_word' id='word_1_301' title='bbox 1474 2358 1706 2402; x_wconf 81' lang='lat' dir='ltr'><strong>intellectu·</strong></span> 
     </span>
     <span class='ocr_line' id='line_1_40' title="bbox 209 2423 1699 2480; baseline 0 -11"><span class='ocrx_word' id='word_1_302' title='bbox 209 2427 442 2472; x_wconf 80' lang='lat' dir='ltr'><strong>contrario,</strong></span> <span class='ocrx_word' id='word_1_303' title='bbox 482 2438 606 2468; x_wconf 90' lang='lat' dir='ltr'><strong>unum</strong></span> <span class='ocrx_word' id='word_1_304' title='bbox 644 2439 735 2468; x_wconf 84' lang='lat' dir='ltr'><strong>cum</strong></span> <span class='ocrx_word' id='word_1_305' title='bbox 777 2425 855 2469; x_wconf 84' lang='grc' dir='ltr'><strong>κίω</strong></span> <span class='ocrx_word' id='word_1_306' title='bbox 894 2425 1020 2469; x_wconf 80' lang='grc' dir='ltr'><em>κινέω</em></span> <span class='ocrx_word' id='word_1_307' title='bbox 1048 2423 1334 2480; x_wconf 76' lang='lat' dir='ltr'><strong>conjugatum,</strong></span> <span class='ocrx_word' id='word_1_308' title='bbox 1379 2425 1553 2468; x_wconf 84' lang='lat' dir='ltr'><strong>alterum</strong></span> <span class='ocrx_word' id='word_1_309' title='bbox 1591 2439 1699 2469; x_wconf 87' lang='lat' dir='ltr'><strong>cum-</strong></span> 
     </span>
    </p>
   </div>
   <div class='ocr_carea' id='block_1_4' title="bbox 208 2587 1709 2864">
    <p class='ocr_par' dir='ltr' id='par_1_4' title="bbox 208 2587 1709 2864">
     <span class='ocr_line' id='line_1_41' title="bbox 299 2587 1682 2640; baseline 0.001 -14"><span class='ocrx_word' id='word_1_310' title='bbox 299 2594 337 2637; x_wconf 81' lang='lat'><strong>4)</strong></span> <span class='ocrx_word' id='word_1_311' title='bbox 373 2592 431 2626; x_wconf 87' lang='lat' dir='ltr'><strong>De</strong></span> <span class='ocrx_word' id='word_1_312' title='bbox 457 2592 550 2627; x_wconf 85' lang='lat' dir='ltr'><strong>Adv.</strong></span> <span class='ocrx_word' id='word_1_313' title='bbox 575 2592 654 2627; x_wconf 79' lang='lat'>612.</span> <span class='ocrx_word' id='word_1_314' title='bbox 688 2595 735 2638; x_wconf 77' lang='grc' dir='ltr'><strong>τῷ</strong></span> <span class='ocrx_word' id='word_1_315' title='bbox 771 2591 846 2638; x_wconf 74' lang='grc' dir='ltr'><strong>ἥδω</strong></span> <span class='ocrx_word' id='word_1_316' title='bbox 872 2592 910 2628; x_wconf 84' lang='grc' dir='ltr'><strong>τὸ</strong></span> <span class='ocrx_word' id='word_1_317' title='bbox 934 2592 1026 2638; x_wconf 76' lang='grc' dir='ltr'><strong>ἤδην</strong></span> <span class='ocrx_word' id='word_1_318' title='bbox 1053 2589 1267 2640; x_wconf 80' lang='grc' dir='ltr'><em>παράκειται</em></span> <span class='ocrx_word' id='word_1_319' title='bbox 1291 2593 1354 2626; x_wconf 81' lang='grc' dir='ltr'><strong>καὶ</strong></span> <span class='ocrx_word' id='word_1_320' title='bbox 1376 2587 1472 2636; x_wconf 67' lang='grc' dir='ltr'><strong>ἅδην</strong></span> <span class='ocrx_word' id='word_1_321' title='bbox 1495 2593 1558 2626; x_wconf 86' lang='grc' dir='ltr'><strong>καὶ</strong></span> <span class='ocrx_word' id='word_1_322' title='bbox 1580 2590 1682 2639; x_wconf 79' lang='grc' dir='ltr'><em>παρὰ</em></span> 
     </span>
     <span class='ocr_line' id='line_1_42' title="bbox 209 2642 1709 2698; baseline 0.001 -13"><span class='ocrx_word' id='word_1_323' title='bbox 209 2654 280 2687; x_wconf 80' lang='grc' dir='ltr'><strong>τῶν</strong></span> <span class='ocrx_word' id='word_1_324' title='bbox 305 2653 354 2690; x_wconf 75' lang='grc' dir='ltr'><strong>εἷς</strong></span> <span class='ocrx_word' id='word_1_325' title='bbox 382 2642 428 2698; x_wconf 52' lang='grc' dir='ltr'><strong><em>ᾗ</em></strong></span> <span class='ocrx_word' id='word_1_326' title='bbox 457 2654 583 2696; x_wconf 83' lang='grc' dir='ltr'><em>βίβημι</em></span> <span class='ocrx_word' id='word_1_327' title='bbox 615 2649 753 2696; x_wconf 74' lang='grc' dir='ltr'><em>βάδην,</em></span> <span class='ocrx_word' id='word_1_328' title='bbox 789 2654 871 2697; x_wconf 75' lang='grc' dir='ltr'><strong>ἱήμι</strong></span> <span class='ocrx_word' id='word_1_329' title='bbox 903 2651 1014 2696; x_wconf 75' lang='grc' dir='ltr'><em>ἀέδην</em></span> <span class='ocrx_word' id='word_1_330' title='bbox 1044 2653 1106 2686; x_wconf 81' lang='grc' dir='ltr'><strong>καὶ</strong></span> <span class='ocrx_word' id='word_1_331' title='bbox 1129 2649 1283 2695; x_wconf 76' lang='grc' dir='ltr'><em>ἀνέδην·</em></span> <span class='ocrx_word' id='word_1_332' title='bbox 1318 2650 1394 2686; x_wconf 74' lang='grc' dir='ltr'><strong>ἔδει</strong></span> <span class='ocrx_word' id='word_1_333' title='bbox 1419 2643 1486 2686; x_wconf 72' lang='grc' dir='ltr'><strong>οὖν</strong></span> <span class='ocrx_word' id='word_1_334' title='bbox 1516 2650 1618 2698; x_wconf 77' lang='grc' dir='ltr'><strong>παρὰ</strong></span> <span class='ocrx_word' id='word_1_335' title='bbox 1641 2649 1681 2686; x_wconf 80' lang='grc' dir='ltr'><strong>τὸ</strong></span> <span class='ocrx_word' id='word_1_336' title='bbox 1706 2644 1709 2649; x_wconf 37' lang='lat'>²</span> 
     </span>
     <span class='ocr_line' id='line_1_43' title="bbox 208 2704 1680 2755; baseline -0.001 -13"><span class='ocrx_word' id='word_1_337' title='bbox 208 2711 343 2754; x_wconf 82' lang='grc' dir='ltr'><em>πρίαμι</em></span> <span class='ocrx_word' id='word_1_338' title='bbox 373 2707 544 2755; x_wconf 77' lang='grc' dir='ltr'><em>πριάδην,</em></span> <span class='ocrx_word' id='word_1_339' title='bbox 571 2708 668 2752; x_wconf 89' lang='lat' dir='ltr'><strong>quod</strong></span> <span class='ocrx_word' id='word_1_340' title='bbox 692 2708 722 2742; x_wconf 87' lang='lat' dir='ltr'><strong>si</strong></span> <span class='ocrx_word' id='word_1_341' title='bbox 746 2709 928 2754; x_wconf 85' lang='lat' dir='ltr'><strong>legeretur</strong></span> <span class='ocrx_word' id='word_1_342' title='bbox 955 2708 1106 2753; x_wconf 85' lang='lat' dir='ltr'><strong>uspiam,</strong></span> <span class='ocrx_word' id='word_1_343' title='bbox 1129 2718 1202 2741; x_wconf 92' lang='lat' dir='ltr'><strong>non</strong></span> <span class='ocrx_word' id='word_1_344' title='bbox 1227 2718 1306 2742; x_wconf 90' lang='lat' dir='ltr'><strong>cum</strong></span> <span class='ocrx_word' id='word_1_345' title='bbox 1329 2704 1448 2751; x_wconf 77' lang='grc' dir='ltr'><em>βάδην</em></span> <span class='ocrx_word' id='word_1_346' title='bbox 1470 2708 1680 2752; x_wconf 64' lang='grc' dir='ltr'><strong>σοιιιρατιιηὲ</strong></span> 
     </span>
     <span class='ocr_line' id='line_1_44' title="bbox 208 2762 1708 2810; baseline 0.001 -13"><span class='ocrx_word' id='word_1_347' title='bbox 208 2764 288 2797; x_wconf 77' lang='lat' dir='ltr'><strong>(lum</strong></span> <span class='ocrx_word' id='word_1_348' title='bbox 314 2770 411 2798; x_wconf 87' lang='lat' dir='ltr'><strong>esset</strong></span> <span class='ocrx_word' id='word_1_349' title='bbox 436 2764 502 2798; x_wconf 87' lang='lat' dir='ltr'><strong>sed</strong></span> <span class='ocrx_word' id='word_1_350' title='bbox 526 2775 605 2798; x_wconf 92' lang='lat' dir='ltr'><strong>cum</strong></span> <span class='ocrx_word' id='word_1_351' title='bbox 630 2762 814 2810; x_wconf 77' lang='grc' dir='ltr'><strong>μιγάδην,</strong></span> <span class='ocrx_word' id='word_1_352' title='bbox 849 2775 932 2800; x_wconf 86' lang='lat' dir='ltr'><strong>nam</strong></span> <span class='ocrx_word' id='word_1_353' title='bbox 955 2763 1064 2810; x_wconf 77' lang='lat' dir='ltr'><strong>alpha</strong></span> <span class='ocrx_word' id='word_1_354' title='bbox 1092 2763 1139 2798; x_wconf 82' lang='lat' dir='ltr'><strong>ad</strong></span> <span class='ocrx_word' id='word_1_355' title='bbox 1170 2763 1456 2798; x_wconf 81' lang='lat' dir='ltr'><strong>terminationem</strong></span> <span class='ocrx_word' id='word_1_356' title='bbox 1480 2764 1680 2810; x_wconf 74' lang='lat' dir='ltr'><strong>pertineret</strong></span> <span class='ocrx_word' id='word_1_357' title='bbox 1702 2767 1708 2769; x_wconf 86' lang='grc'><em>“</em></span> 
     </span>
     <span class='ocr_line' id='line_1_45' title="bbox 208 2819 537 2864; baseline 0 -11"><span class='ocrx_word' id='word_1_358' title='bbox 208 2830 281 2853; x_wconf 90' lang='lat' dir='ltr'><strong>non</strong></span> <span class='ocrx_word' id='word_1_359' title='bbox 307 2819 353 2853; x_wconf 85' lang='lat' dir='ltr'><strong>ad</strong></span> <span class='ocrx_word' id='word_1_360' title='bbox 378 2819 537 2864; x_wconf 85' lang='lat' dir='ltr'><strong>stirpem.</strong></span> 
     </span>
    </p>
   </div>
  </div>
 </body>
</html>
