1708 3126
195 206 227 252 8
666 199 1130 246 DlSSERTATIO
1168 201 1201 245 1.

194 314 387 359 laconico
409 308 649 368 Ἰμπάταον
690 312 916 371 ἑζιιβλεψον
942 312 1043 357 Hes.
1074 313 1155 358 hoc
1185 320 1247 357 est
1277 308 1524 368 ἐμπτασον,
1561 314 1685 371 quod¹

196 395 249 425 ne
275 382 330 424 ad
361 382 502 429 πετῶ,
547 386 589 423 ut
618 381 884 436 interpretes,
921 380 1152 424 referamus
1182 378 1371 437 prohibet
1408 378 1496 423 alia
1522 379 1671 436 glossat

193 444 485 502 Ἰγκατάπαον
504 443 850 502 ἐγκατάβλεψον.
906 445 1013 491 Hinc
1034 448 1160 502 igitur
1178 447 1352 502 emergit
1367 444 1518 503 duplex
1541 447 1672 503 scrip--

197 520 292 557 tura
328 510 433 556 πάω
473 518 513 555 et
553 511 707 564 πτάω,
754 518 926 570 utraque
971 515 1136 557 'tenuem
1182 514 1330 556 sortita
1368 525 1444 570 pro
1486 513 1673 570 aspirata

198 576 303 636 φάω
340 585 383 621 ut
421 575 564 635 φανός
603 585 644 621 et
681 575 841 630 πανός,
885 579 1020 623 altera
1061 585 1184 623 aucta
1225 577 1438 636 epenthesi
1479 578 1672 630 dentalis..

201 646 317 702 quus
348 644 538 701 exempla
562 644 674 688 infra
701 657 876 701 ponam
909 658 1002 689 cum
1029 643 1133 690 πάω
1161 642 1302 703 (φάω)
1325 645 1499 690 forsitan
1520 658 1676 702 ‹tegna--

196 718 281 754 tum
313 713 367 754 sit
403 708 597 764 ἔμπαιος
632 712 673 754 id
709 718 774 753 est
813 713 926 754 scius
966 710 1180 767 ἔμπειρος
1209 719 1246 754 et
1286 709 1571 764 ἓμπᾶζεσθαι
1607 723 1674 755 re-

198 784 380 831 spectum
420 778 589 826 habere,
635 774 870 836 ἒμπαστήρ
904 778 1024 820 testis
1068 775 1279 828 oculatus;
1326 788 1504 833 namque
1545 783 1671 821 testes

197 844 419 900 praecipue
464 850 665 887 vocantur
707 841 903 900 ἵστορες,
954 839 1111 892 ἰόυἷοι,
1167 847 1375 898 γνῶσται,
1426 844 1672 897 munitores,

198 909 306 953 unde
337 909 481 965 colligi
508 915 644 967 potest
671 906 904 967 ἒμπαστήρ
932 909 1096 966 proprie
1125 915 1398 966 spectatorem
1420 916 1462 954 et
1487 910 1674 954 animad-

199 988 413 1019 versorem
452 975 703 1031 significare.
726 978 791 1027 ¹¹)
849 975 889 1019 A
928 973 1058 1018 πτάω
1083 975 1308 1032 profectum
1341 982 1407 1019 est
1433 974 1674 1022 παπταίνω

200 1048 241 1086 ot
278 1043 438 1085 auctius
476 1039 755 1093 παπταλάω,
793 1054 820 1084 a
854 1038 958 1099 φάω
1000 1041 1127 1095 (unde
1166 1040 1287 1097 φάεα
1329 1041 1460 1093 oculi,
1504 1039 1676 1100 φάηκες

200 1104 440 1166 ὀφθαλμοί
467 1107 586 1161 Hes.)
626 1120 884 1163 synonymon
921 1104 1204 1165 παμφαλάω,
1244 1107 1353 1163 quod
1380 1120 1502 1164 quum
1532 1106 1676 1152 Schol.

199 1175 340 1232 Apoll.
367 1174 418 1217 Il.
449 1174 543 1217 127.
574 1175 636 1217 sic
664 1175 952 1230 interpretatur
980 1171 1092 1227 μετὰ
1123 1171 1376 1230 πτοιήσεως
1402 1172 1606 1228 βλέπειν,
1634 1180 1678 1218 ut
1707 1177 1708 1180 ’

200 1239 343 1285 Schol.
372 1240 422 1283 ΙΙ.
452 1239 564 1284 XIV.
589 1241 683 1283 101.
712 1236 1116 1284 ἀποπαπτανέουσι
1143 1238 1323 1296 explicat
1349 1238 1679 1297 περιβλέψουσι

201 1306 277 1351 καὶ
312 1305 671 1364 πτοηθήσονται,
717 1307 771 1350 ad
809 1307 1056 1363 primitivum
1094 1302 1222 1349 πτάω
1266 1301 1484 1363 (πτήσσω,
1522 1303 1678 1358 πτοιά)

200 1373 359 1417 referre
387 1373 568 1425 videtur,
606 1374 673 1416 cui
704 1373 826 1417 affine
856 1379 919 1416 est
950 1368 1158 1429 πταώτης
1194 1369 1477 1428 κατεπτηχώς
1504 1370 1602 1415 Hes.
1634 1378 1678 1416 ut

202 1451 229 1482 a
257 1437 435 1492 πάομαι
474 1437 672 1498 πάτορες
706 1437 914 1497 κτήτορες
943 1437 1059 1481 Phot.
1095 1434 1245 1506 πηός
1253 1435 1278 1481 ὃ
1314 1435 1550 1493 ἑπικτητός
1575 1454 1678 1494 συγ-

201 1505 328 1562 γενής
367 1505 510 1550 Schol.
547 1505 593 1549 ll.
627 1505 695 1549 Ill
734 1505 829 1548 163.
877 1512 916 1548 et
959 1504 1194 1547 laconicum
1225 1491 1423 1559 Παώτης
1471 1502 1678 1562 συγγενής

202 1568 370 1623 οἰκεῖος
406 1571 505 1615 HeS.
540 1571 780 1615 Ceterorum
815 1584 914 1628 pars
949 1572 1131 1614 maxima
1167 1570 1557 1613 demonstrationem
1587 1583 1678 1614 non

202 1636 426 1681 desiderat.
485 1637 574 1682 Sed
616 1637 733 1682 verbi
777 1635 891 1686 σάω,
932 1636 1039 1679 unde
1082 1634 1225 1678 Schol.
1268 1634 1367 1678 Hes.
1409 1633 1523 1680 Scut.
1558 1649 1597 1680 v.
1634 1638 1676 1680 3.

201 1709 243 1746 et
271 1702 368 1746 EM.
403 1701 495 1748 αόω
526 1717 770 1748 conversum
816 1703 972 1753 dicunt,
1015 1708 1168 1745 certum
1205 1701 1435 1759 exemplum
1466 1715 1551 1746 non
1579 1716 1677 1761 sup-

201 1771 312 1826 petit.
362 1766 555 1814 Ἀνάστα
582 1769 749 1831 γίνετᾳι
775 1766 866 1812 ἀπὸ
883 1771 968 1812 τοῦ
988 1770 1078 1812 στῶ
1097 1766 1194 1811 ΕΜ.
1223 1770 1289 1812 cui
1307 1767 1476 1824 syllaba
1496 1771 1678 1814 accessit

202 1832 325 1878 ἶστῶ.
387 1837 429 1878 T
426 1832 492 1878 άω
532 1835 611 1878 huc
648 1835 913 1879 inserendum
940 1833 1158 1877 videbatur
1188 1840 1354 1890 propter
1391 1835 1676 1892 imperativum

201 1902 255 1956 τῆ
286 1896 377 1944 ἀπὸ
408 1900 606 1954 θέματος
633 1903 712 1944 τοῦ
742 1903 804 1944 τῶ
834 1899 932 1943 Sch.
963 1898 1041 1943 Od.
1071 1898 1174 1942 Vlll.
1201 1898 1300 1943 447.
1330 1900 1440 1957 quod
1466 1900 1679 1946 Blomfiel-

203 1966 296 2009 dius
334 1966 387 2010 ad
421 1965 585 2010 Gallim.
612 1981 649 2023 p.
679 1967 775 2010 399.
806 1966 1098 2011 Grammaticis
1136 1967 1302 2009 remittit
1328 1968 1384 2024 τῇ
1413 1967 1676 2012 scribendum
1690 1964 1704 1995 ‘¹

201 2039 329 2079 ratus.
387 2031 563 2091 Propius
594 2034 822 2093 suspicioni
852 2039 916 2076 est
937 2032 1109 2076 alterum
1134 2030 1241 2084 τοίω,
1270 2032 1379 2088 quod
1408 2033 1472 2077 illi
1502 2047 1554 2077 ex
1582 2033 1678 2079 σάω

204 2095 367 2156 (σήθω)
395 2111 639 2145 conversum
672 2100 814 2145 volunt
842 2106 884 2142 ut
911 2111 1061 2142 nomen
1087 2097 1216 2156 τηλία
1244 2111 1295 2141 ex
1323 2097 1466 2158 σηλία,
1498 2097 1680 2159 ἇλευρό-

202 2179 328 2224 τησις
364 2178 415 2207 ex
452 2162 756 2225 ἂλευρόσησις.
819 2162 956 2219 Τμάω
998 2166 1042 2207 in
1076 2163 1183 2207 hunc
1219 2177 1431 2208 numerum
1469 2166 1591 2209 retuli
1621 2167 1675 2211 ob

202 2229 337 2273 solum
377 2232 637 2288 participium
678 2229 917 2285 Τμώμενος
945 2228 1205 2285 τεμνόμενος
1234 2229 1352 2274 Suid.
1421 2229 1554 2287 Τράω
1593 2247 1676 2276 non

201 2297 353 2352 legitur
370 2298 452 2339 nisi
480 2298 799 2356 reduplicatum
834 2299 1102 2353 Τεθρᾶσθαι
1129 2292 1351 2350 ὠχεῦσθαι
1373 2295 1472 2341 Hes.
1499 2300 1676 2381 positum

200 2362 362 2406 videtur
390 2376 462 2420 pro
492 2365 738 2419 τετρῆσθαι
761 2377 812 2406 eo
843 2362 1055 2405 intellectu
1084 2375 1164 2418 quo
1193 2362 1430 2418 Aeschylus
1462 2363 1564 2408 dixit
1595 2365 1678 2424 ἐρᾷ

200 2428 281 2483 μὲν
309 2426 441 2484 ἆγνός
479 2425 666 2486 οὐρανὸς
698 2445 866 2485 τρωσαι
898 2425 1044 2483 χθόνα
1076 2435 1115 2471 et
1149 2434 1296 2486 poetae
1324 2428 1475 2473 ludicri
1504 2434 1677 2490 τρυπᾷν

201 2494 459 2551 Romanique
494 2494 614 2537 deam
655 2495 861 2551 quandam
898 2494 1158 2550 conjugalem
1186 2503 1469 2551 nuncuparunt
1495 2497 1675 2542 Pertun-

203 2563 310 2604 dam.
369 2560 461 2604 Duo
499 2568 592 2604 sunt
627 2562 757 2604 verba
788 2575 894 2619 quae
925 2560 1073 2606 iisdem
1101 2559 1234 2603 literis
1266 2563 1453 2605 actiones
1482 2562 1672 2609 diversas

263 2708 353 2797 dll)
388 2706 542 2755 Μάρτυς
575 2708 593 2744 ὃ
626 2708 780 2756 μάρψας
815 2709 877 2745 καὶ
908 2707 1012 2749 εἰδώς
1036 2707 1073 2743 τὸ
1106 2705 1238 2751 ἀληθές
1261 2706 1353 2747 ΕΜ.
1382 2709 1477 2754 quod
1511 2720 1585 2745 non
1611 2709 1672 2745 de·

200 2763 259 2797 sen
288 2774 357 2799 am.
