1728 3120
408 153 512 197 cir.
544 152 573 195 1.
638 151 706 195 DE
754 151 952 196 VERBIS
995 151 1051 196 IN
1086 143 1161 197 e—w.
1433 158 1529 204 147

193 267 358 323 &quasi
386 278 590 323 praesens
622 272 735 309 esset
775 279 858 309 non
887 278 1031 323 purum
1068 262 1203 310 ὠθέω
1235 261 1362 318 ὤσω,
1401 263 1527 326 ἠθέω

52 362 57 379 ,ι
85 327 109 369 ἰ
132 363 144 385 ,
181 332 260 376 sed
288 332 581 376 nonnullorum
610 334 744 390 prima
772 334 925 389 positio
956 334 1169 391 utriusque
1207 333 1368 378 formae
1397 337 1528 393 parti-

168 405 233 444 est
261 395 450 452 αἶ’ὁομαι
480 395 713 453 αἰδέομαι,
757 399 943 444 κυλίνὸω
983 400 1218 452 κυλινδέω,
1263 400 1357 445 ῧδω
1397 398 1527 454 ὖδέω,

52 513 57 518 ,
191 465 338 520 μυζέω
377 467 467 510 sive
503 465 682 520 μυζάω,
721 467 861 520 πιέζει)
899 466 1085 520 πιεζέω,
1119 465 1248 525 γήθω
1288 466 1527 527 (γήθομαι)

50 532 201 593 sico,
233 530 354 587 ἓῇςθω
386 528 525 591 ἤχθεε
557 534 601 576 in
626 532 983 578 Hermesianactis
1014 532 1148 577 Fr.11.
1171 535 1240 578 39.
1272 537 1388 592 cujus
1420 537 1527 582 faci-

115 606 180 645 est
202 599 279 644 sed
307 600 491 644 sortasse
511 613 595 643 non
615 603 865 644 necessaria
891 601 1060 644 mutatio
1081 602 1124 644 in
1145 597 1311 659 ἤχθετο
1340 603 1526 650 v.Bacl1.

48 665 198 726 mus.
236 664 390 711 Verum
419 666 500 710 hoc
529 668 656 710 etiam
687 669 742 711 ad
773 667 905 722 ἔχθος
936 668 1244 712 accommodari
1274 678 1421 727 potest,
1451 690 1529 730 γη-

29 727 62 773 .-.'
94 751 131 780 ω
160 733 216 778 ad
244 736 400 791 γῆθος,
430 733 642 792 verboque
673 732 839 779 ἀλινόῶ
858 734 955 777 ΕΜ.
987 735 1127 779 subdit
1145 750 1297 780 nomen
1315 734 1529 792 ’Ἀλινὸος

100 798 214 857 ἶμος.
271 799 338 844 Fit
365 814 528 858 quoque
559 808 601 845 ut
629 803 853 859 participia
890 801 1100 846 diversam
1128 816 1155 846 a
1186 806 1339 848 ceteris
1369 813 1527 865 tempo-

48 869 495 915 nster-minationem
515 868 718 912 habeant:
752 869 955 912 κελαδεῖν
981 867 1191 920 κελάδων,
1222 867 1418 929 ἇλδῆσαι
1449 871 1527 918 ἆλ-

35 937 75 990 w}
86 950 234 992 μενος,
263 942 304 979 et
324 942 471 979 contra
486 936 608 990 μέδω
635 935 783 989 μέδων
803 941 843 978 et
871 935 1054 989 μεδέων,
1086 931 1261 991 Ιὄθομαι
1287 945 1328 981 et
1352 935 1528 986 Ὀθέων

21 1157 52 1218 ιῇ
65 1152 220 1191 ,οιμεν
241 1135 507 1180 scribendum
525 1142 673 1195 putem,
702 1136 792 1179 sive
822 1142 948 1192 poeta
970 1137 1112 1192 epicus
1143 1140 1366 1194 optativum
1384 1146 1526 1187 versui

33 1201 306 1248 luctantem
325 1202 407 1247 hac
432 1202 647 1260 epenthesi
666 1201 880 1253 emollivit,
912 1205 1000 1246 sive
1031 1202 1302 1260 pleonasmus
1324 1215 1389 1252 est
1417 1211 1527 1254 ioni-

21 1239 54 1286 u
142 1277 186 1314 ut
223 1269 416 1326 γεμέωσι
453 1269 622 1327 aliaque
660 1271 796 1313 minus
832 1275 986 1313 testata
1022 1283 1061 1314 v.
1096 1271 1149 1315 ad
1179 1270 1328 1317 Buttm.
1355 1275 1452 1320 338.
1486 1286 1527 1321 et

21 1337 409 1396 ραμινυθέωσι
437 1339 480 1381 in
510 1336 776 1396 Hippocratis
806 1337 903 1382 loco
928 1338 1037 1381 unde
1077 1352 1296 1396 perperam
1324 1358 1527 1402 παραμι-

30 1423 33 1429 ’
85 1404 180 1450 θέω
209 1406 255 1448 in
274 1403 403 1448 Thes.
432 1411 644 1462 receptum
671 1412 760 1458 est;
786 1406 1039 1462 μινυθῆσαι
1068 1407 1178 1463 quod
1210 1409 1264 1452 ad
1283 1409 1351 1466 Aj.
1371 1424 1410 1467 p.
1429 1411 1525 1455 181.

51 1477 118 1519 αι.
137 1471 204 1516 11.
233 1471 408 1530 produxi
439 1479 480 1516 et
507 1469 793 1529 μεμινύθηκα
806 1470 1002 1529 Hippocr.
1027 1473 1082 1516 ad
1108 1472 1287 1528 μινύθω
1307 1479 1526 1534 pertinent.

46 1536 49 1537 ⁷
79 1591 81 1594 ¹
151 1541 303 1584 πεκτῶ
343 1546 384 1582 et
416 1539 566 1598 ῥιπτιῦ
605 1539 686 1583 hoc
719 1540 857 1596 potius
893 1539 991 1583 loco
1029 1549 1284 1597 reponantur
1320 1559 1444 1601 quam
1483 1548 1527 1590 in

35 1616 53 1657 g
75 1619 191 1650 nere
219 1619 542 1664 paronymorum
577 1619 710 1650 eausa
738 1605 846 1649 haec
876 1613 941 1649 est
978 1608 1089 1663 quod
1120 1608 1172 1651 ab
1208 1610 1426 1666 adjectivis
1456 1627 1527 1657 se-

32 1673 196 1728 cundae
227 1672 524 1717 declinationis
564 1671 846 1730 simplicibus,
884 1678 926 1715 ut
956 1671 1141 1725 πεκτός,
1172 1675 1353 1733 ῥιπτός,
1394 1680 1528 1725 verba

28 1730 219 1787 frivari
245 1754 331 1785 non
357 1739 508 1783 solent.
563 1737 709 1796 Neque
738 1752 862 1783 secus
895 1739 1121 1784 decernunt
1147 1749 1339 1797 veteres3
1368 1746 1527 1792 Arcad.

30 1790 131 1862 {aa
160 1809 217 1854 τὰ
247 1806 315 1862 εἰς
346 1799 439 1853 ff
462 1806 702 1867 βαρύνεται
731 1805 882 1861 τίκτω,
912 1809 1061 1853 πέκτω
1077 1810 1186 1854 -τὰ
1215 1812 1265 1858 δὲ
1293 1815 1530 1872 περισπώ-

30 1869 145 1938 Ῐρσνα
182 1874 356 1932 &immun
401 1871 568 1929 ὄνομα,
616 1871 808 1928 ἄτακτος
848 1871 1047 1926 ἀτακτιῦ,
1092 1873 1235 1937 ὑλακή
1275 1876 1454 1927 ὖλακτῶ
1489 1891 1530 1928 et

62 1946 188 1992 .l5l.
216 1945 273 1992 τὰ
303 1944 370 1999 εἶς
391 1962 490 1990 πτω
519 1942 760 2003 βαρύνεται
777 1943 977 1996 σκάπτω,
1004 1943 1150 2003 ῥίπτω
1182 1944 1255 2000 (τό
1271 1949 1357 2009 γὰρ
1381 1951 1531 2011 ῥιπτιῦ

31 1946 214 2129 §rumh
253 2009 317 2072 (ἢ)
360 2012 612 2070 ποιητικὸν)
656 2011 775 2056 ἵπτω
813 2011 993 2067 (νίπτω)
1035 2010 1077 2057 εἰ
1118 2013 1179 2073 μὴ
1221 2016 1531 2077 προκατάρχει

19 2084 42 2136 2,
89 2097 179 2138 ομα
206 2077 236 2139 ἢ
266 2080 478 2138 διαστολὴ
501 2080 671 2135 γένοιτο
695 2079 1044 2137 σημαινομένου·
1075 2094 1182 2138 quae
1210 2084 1322 2140 quod
1343 2089 1532 2144 sequitur

30 2151 291 2206 [nuntiatum
329 2161 382 2192 ex
410 2146 507 2190 EM.
537 2161 575 2204 p.
606 2145 713 2198 463,
742 2147 782 2189 5.
824 2154 864 2190 et
892 2161 931 2204 p.
963 2147 1068 2199 236,
1101 2148 1167 2192 16.
1209 2151 1272 2195 sic
1313 2155 1530 2199 emendari

16 2216 162 2280 {gachet
176 2213 449 2273 Πρόςκειται
477 2212 518 2258 εἶ
542 2213 604 2271 μὴ
636 2211 874 2271 πρόκειται
901 2210 1043 2269 ὄνομα
1063 2215 1138 2259 διὰ
1154 2216 1203 2260 τὸ
1230 2214 1529 2279 nimenta-37*

32 2282 253 2341 ,διαστολὴ
284 2282 359 2326 διὰ
389 2280 439 2325 τὸ
470 2277 597 2325 ὀπτῶ
617 2280 733 2339 πρὸς
761 2277 1100 2339 ἆντιδιαστολὴν
1125 2286 1207 2328 τοῦ
1231 2280 1372 2330 ὅπτω.
1418 2292 1531 2333 Κεν-

18 2351 126 2396 ,ιτέω
153 2349 236 2394 huc
263 2349 484 2393 transferri
513 2361 598 2391 non
625 2347 725 2390 licet
754 2349 853 2404 quia
879 2347 1124 2404 barytonum
1158 2351 1293 2396 κέντω
1325 2368 1529 2412 sponsore

31 2424 167 2464 caret.
199 2416 476 2461 Gutturalium
506 2415 736 2472 exemplum
762 2415 1100 2460 valentissimum
1121 2418 1225 2462 illud
1260 2428 1324 2465 est
1353 2423 1463 2479 quod
1488 2425 1531 2466 in

18 2482 254 2537 .1·:M.509‚
283 2484 350 2527 12.
386 2497 479 2527 cum
509 2481 653 2541 ῥίπτω
686 2482 834 2540 ῥιπτιῦ
854 2486 1112 2541 componitur
1142 2486 1254 2530 ἕλκω
1288 2485 1402 2532 ἑλκιῦ
1436 2504 1531 2533 ver-

36 2541 139 2611 {ium
176 2554 383 2611 poeticum
425 2564 504 2594 nec
543 2563 716 2608 prorsus
758 2549 868 2593 idem
900 2552 1144 2607 significans
1187 2561 1230 2596 ut
1260 2556 1530 2611 primitivum3

16 2618 138 2673 jnam
167 2620 219 2664 de
249 2618 485 2664 hominibus
517 2617 653 2662 solum
674 2617 837 2669 dicitur,
866 2631 950 2662 non
982 2622 1107 2662 etiam
1139 2620 1190 2664 de
1224 2622 1351 2666 rebus
1382 2623 1462 2668 hue
1491 2631 1532 2669 et

27 2687 142 2747 §nuc
168 2689 331 2732 tractis.
370 2685 510 2730 Verbo
541 2681 720 2741 ἇνωγέω
744 2685 1002 2730 firmamenta
1023 2689 1163 2731 omnia
1185 2688 1398 2735 subtracta
1418 2699 1531 2745 sunt3

36 2768 138 2807 nam
175 2769 250 2813 pro
291 2750 482 2813 ἠνώγεον
511 2751 716 2797 Homerus
755 2767 862 2798 nunc
909 2750 1092 2811 ἠνώγειν
1130 2759 1310 2813 recepit,
1349 2755 1533 2817 ἠνώγειν

1167 2823 1221 2865 10
1237 2828 1255 2847 *
