1708 3126
32 165 73 297 1
233 191 338 237 cst.
368 190 438 234 111.
497 190 568 234 DE
604 191 804 235 VERBIS
841 191 1290 238 GUTTURALIBUS.
1442 197 1507 243 53

120 322 154 343 ιι
196 300 444 362 Ἐπέφλυσε
473 305 725 362 βλαστῆσαι
764 303 963 362 ἐποίησε.
1029 302 1196 363 Τρώγω
1237 305 1508 363 παράγωγόν

171 368 265 415 ἀπὸ
300 373 381 415 τοῦ
417 373 509 429 τρῶ
544 370 641 413 ΕΜ.
671 372 776 423 770,
807 372 876 415 40.
922 373 988 415 cui
1026 370 1338 430 Lexicographi
1374 375 1509 417 nostri

72 439 106 500 's
132 450 192 482 te
219 451 306 482 non
343 437 593 490 abnuerunt,
635 440 735 495 quia.
767 437 965 496 τρωκτά,
1009 439 1236 496 τρωγάλια
1273 447 1313 483 et
1344 439 1508 499 τραγή-

82 528 125 543 .
165 507 331 563 proprie
350 513 554 550 vocantur
582 505 764 549 bellaria
786 519 893 562 quae
914 506 1099 550 rodimus
1121 513 1161 549 et
1183 509 1449 550 conterimus.
1466 511 1506 560 ⁸)

30 574 123 636 ‚,='²'
143 571 295 628 sychii
331 571 482 628 glossa
527 573 688 629 Ψιῆναι
727 573 867 629 ψέξαι
910 571 1193 616 Schneiderus
1238 587 1392 630 cogere
1434 587 1508 618 vo-

111 655 118 673 *
163 639 291 697 ψέγω
328 653 492 697 quoque
525 652 696 695 gamma
732 653 816 683 non
854 642 1037 684 nativum
1066 640 1237 684 habere.
1290 638 1509 698 Ἐρεύγειν

28 716 311 777 ἰ,>··.»1111111111111
357 707 466 751 idem
508 707 621 750 valet
664 707 773 764 quod
818 707 974 765 ἐξερᾷν
1014 714 1054 750 et
1105 707 1281 751 Hesiodi
1334 707 1507 752 verbum

29 806 31 808 .
72 796 81 811 .›
103 784 189 817 ’·ιο
239 771 474 830 ἐρεύμενος
520 773 822 831 Moschopulus
876 776 1169 830 interpretatur
1219 774 1509 832 ἒρευγόμενος

65 842 73 849 ‘
139 840 292 892 aliam,
335 848 379 884 ut
419 835 658 884 Hermanno
698 840 882 891 videtur,
927 849 1125 898 sequutus
1173 844 1421 899 scripturam
1467 856 1507 886 v.

115 905 350 952 Buttmann.
391 921 430 966 p.
475 908 570 951 102.
638 906 701 950 De
746 907 969 951 verborum
1018 905 1169 965 φεύγω
1223 915 1263 951 et
1306 909 1508 965 φέβομαι

27 1020 33 1032 ἶ
64 975 264 1027 “Jntione
309 980 352 1018 et
390 981 482 1018 ortu
525 987 653 1031 supra
687 974 784 1018 dixi.
854 973 992 1032 Παρὰ
1035 974 1085 1018 τὸ
1133 977 1210 1032 φῶ
1247 974 1297 1017 τὸ
1339 972 1507 1028 λάμπω

56 1036 88 1079 Ε
108 1047 113 1050 ”
132 1057 180 1086 αι
213 1041 362 1100 φέγγω
405 1042 482 1086 καὶ
510 1042 696 1100 φθέγγω
725 1040 822 1083 ΕΜ.
858 1054 993 1098 neque
1022 1041 1102 1085 fide
1137 1041 1335 1085 abhorret
1362 1040 1508 1085 home-

28 1112 30 1171 ζ
58 1106 93 1147 ἀ
134 1106 254 1168 φάω,
284 1110 351 1153 cui
382 1107 528 1168 φαίνω
559 1108 822 1152 substitutum
852 1116 928 1159 est,
960 1108 1084 1152 affine
1113 1122 1210 1153 esse
1240 1108 1507 1152 thematicum

51 1217 62 1234 .,
93 1208 97 1214 ›
140 1177 270 1233 -quod
302 1177 347 1220 in
377 1174 496 1234 φημί
532 1177 710 1220 transiit.
775 1173 937 1234 Φρύγω
972 1183 1114 1220 torreo
1150 1178 1298 1220 nescio
1329 1189 1383 1220 an
1414 1189 1506 1219 cum

83 1266 97 1277 ν
122 1251 123 1254 ’
178 1243 254 1288 illo
285 1245 478 1301 componi
507 1244 641 1302 possit
670 1244 781 1300 quod
799 1243 853 1286 ad
882 1243 1008 1300 θέρω
1037 1244 1185 1287 referri
1211 1243 1332 1288 solet.
1390 1245 1507 1287 Ζεῦ-

48 1332 82 1374 ,2
118 1309 248 1369 παρὰ
275 1309 326 1354 τὸ
362 1307 498 1365 ζεύγω
530 1307 590 1362 ὥς
616 1309 755 1365 τεὺχω
776 1313 930 1364 τεῦχος
961 1309 1056 1354 EM.
1071 1311 1170 1363 409,
1198 1310 1268 1355 48.
1299 1311 1376 1354 sed
1405 1324 1508 1355 con-

28 1425 31 1427 ,
78 1379 240 1423 ratior
266 1376 411 1421 Schol.
442 1375 572 1435 Soph.
601 1391 640 1422 v.
669 1377 738 1421 24.
781 1374 918 1433 ζεύγω
953 1373 1191 1435 ἄχρηστον,
1225 1375 1428 1434 ζεύγνυμι
1457 1377 1508 1422 δὲ

85 1443 263 1504 χρήσει)
304 1444 416 1502 quod
444 1445 652 1488 numerali
682 1443 762 1489 δύο
794 1458 998 1488 annexum
1027 1445 1192 1489 videtur
1219 1447 1326 1489 sicut
1356 1444 1507 1489 Boeoti

28 1541 64 1564 ;,
95 1510 147 1557 όν
186 1512 376 1556 dixerunt
419 1525 494 1570 pro
543 1509 681 1568 ζυγόν.
755 1511 844 1556 Nec
883 1514 975 1556 sine
1021 1526 1097 1555 usu
1143 1513 1268 1556 fuerit
1314 1513 1508 1556 conferre

71 1613 74 1618 .
96 1602 103 1618 o
139 1582 185 1624 οῖ
211 1579 462 1634 πωματίζει
478 1579 576 1623 Hes.
608 1586 648 1622 et
670 1577 910 1636 ζύγαστρον
940 1578 1179 1635 operculum
1210 1593 1366 1636 capsae
1392 1581 1508 1637 ipsa-

7 1624 31 1658 ι’
69 1660 94 1691 e
123 1659 256 1704 capsa
287 1646 415 1703 παρὰ
446 1645 495 1689 τὸ
528 1646 796 1702 ἓζυγῶσθαι.
856 1642 1019 1700 Δὺσγω
1050 1641 1237 1689 ἆποόύω
1268 1645 1368 1689 Hes.
1397 1647 1507 1690 unde

7 1711 47 1782 'J
87 1727 153 1758 um
183 1716 238 1758 sit
266 1719 363 1758 ante
393 1713 540 1757 oculos
568 1719 645 1757 est.
703 1712 780 1756 His
811 1713 940 1768 igitur
973 1711 1116 1755 verbis
1143 1713 1395 1768 gutturalem
1423 1727 1508 1758 non

234 1781 312 1825 sed
348 1781 550 1824 insertam
587 1793 685 1823 esse
723 1786 794 1823 aut
822 1786 980 1822 certum
1011 1786 1080 1822 aut
1115 1794 1200 1823 non
1229 1779 1507 1838 improbabile

27 1894 35 1907 ρ
81 1879 93 1891 .
149 1846 216 1892 Fit
251 1849 378 1892 etiam
407 1854 449 1892 ut
479 1847 712 1905 gutturales
753 1853 794 1890 et
821 1848 930 1890 inter
959 1858 1007 1889 se
1035 1853 1315 1903 permutentur
1343 1854 1385 1890 et
1414 1860 1507 1891 cum

27 1915 32 1927 ⁹
56 1915 311 1968 tistoechi83
341 1912 526 1973 ἀρήγειν
549 1921 590 1958 et
619 1928 711 1959 cum
733 1913 875 1958 verbis
907 1910 1071 1970 ἀρκεῖν,
1105 1911 1315 1958 ἀλαλκεῖν
1345 1922 1386 1958 et
1414 1929 1507 1958 cum

55 1985 180 2028 mine
196 1982 420 2028 obliterato
450 1977 574 2039 ἄρος,
607 1981 717 2038 quod
734 1979 974 2024 Eustathius
1004 1975 1172 2037 ὄφελος
1199 1982 1507 2040 interpretatur,

20 2050 175 2109 quid
203 2049 489 2095 similitudinis
521 2049 672 2100 habet3
713 2047 850 2104 τέγγει)
880 2050 1024 2102 tinguo
1054 2054 1097 2090 ut
1125 2046 1388 2093 Hermannus
1420 2056 1507 2093 sta-

6 2095 73 2162 ’.ϊ
121 2116 273 2176 Opnsc.
302 2116 354 2160 ΙΙ.
391 2115 490 2160 221.
530 2130 623 2161 cum
660 2113 800 2173 τήκω,
847 2114 957 2170 quod
997 2128 1024 2157 a
1063 2116 1243 2159 neutrali
1283 2116 1409 2160 tabeo
1448 2118 1509 2160 ita

6 2160 22 2254 1
72 2199 140 2244 «pe
173 2185 295 2230 abest
321 2191 365 2228 ut
393 2183 514 2228 tabes
542 2197 624 2227 non
657 2183 791 2239 aptius
823 2181 944 2224 reddi
976 2184 1110 2239 possit
1140 2197 1264 2240 quam
1295 2182 1503 2242 τηκεὸών.

5 2249 50 2320 4⁷4
69 2265 96 2297 o
129 2249 310 2297 ἅθέλδω
338 2251 511 2309 percolo
549 2252 591 2294 in
621 2249 718 2292 EM.
755 2255 795 2291 et
829 2249 989 2292 Anecd.
1020 2248 1155 2293 Bekk.
1190 2250 1432 2295 Meinekius
1463 2253 1505 2294 in

5 2325 182 2409 kJragm.
210 2318 326 2363 Com.
357 2317 407 2360 11.
437 2317 536 2360 830.
569 2313 751 2370 ἇθέλβω
780 2315 1045 2359 scribendum
1075 2325 1238 2369 censet,
1282 2319 1393 2375 quod
1422 2318 1507 2361 He-

28 2382 187 2432 ‘chius
224 2389 517 2443 interpretatur
546 2385 695 2440 διηθῶ
741 2383 888 2426 eodem
926 2383 1023 2427 loco
1059 2384 1240 2428 afferens
1273 2382 1508 2441 Ἀθέλγειν

6 2422 33 2473 t}

22 2507 31 2531 ⁴
47 2452 244 2511 μέλγειν,
281 2466 456 2510 quorum
493 2451 714 2496 verborum
744 2451 1092 2507 propinquitatem
1130 2453 1245 2509 prius
1278 2452 1510 2496 declaravi.

8 331 15 1382 -2———————-.·--—2,-

5 2491 44 2625 b
108 2568 147 2612 5)
181 2564 350 2616 Τρώγειν
385 2566 428 2603 οὖ
465 2564 505 2602 τὸ
550 2566 691 2602 ἐσθίειν
727 2563 817 2599 ἀλλὰ
853 2562 892 2599 τὸ
934 2563 1148 2613 τραγήματα
1192 2566 1333 2602 ἐσθίειν
1370 2566 1507 2602 Anecd.

14 2618 30 2644 ¹*
65 2623 232 2660 kk.114.
267 2623 361 2660 Hinc
379 2623 582 2659 derivatum
609 2620 750 2669 τρώγλη
774 2622 867 2656 idem
892 2619 1075 2668 significat
1100 2622 1199 2666 quod
1216 2626 1348 2670 τρῆμα,
1376 2621 1506 2669 ιρήμη,

10 2666 156 2883 ξω),
181 2677 372 2728 τρυμαλιά.
419 2679 587 2716 Eustath.
614 2679 714 2722 1532,
737 2679 771 2715 8.
809 2679 849 2714 ἐκ
883 2681 945 2713 τοῦ
978 2680 1050 2725 πρῶ
1081 2678 1509 2726 ὠνοματοπεποιημένου

89 2750 152 2775 ονε
181 2736 221 2774 τὸ
245 2735 372 2786 τρῶγω
397 2739 460 2774 καὶ
487 2735 580 2784 τρύω
607 2738 670 2772 καὶ
694 2734 825 2785 πρύχω.
877 2734 917 2770 111
937 2735 1076 2771 Callim.
1103 2736 1213 2773 Dian.
1230 2736 1306 2774 113.
1335 2737 1509 2784 διχοστα-

60 2809 98 2842 η-
113 2792 245 2846 τρώγει
268 2797 377 2842 γένος
398 2794 522 2832 Schol.
555 2794 706 2842 exponit
732 2791 853 2843 τρύχει
876 2794 1027 2830 atterit.

12 2867 34 2941 2522

16 3039 39 3089 ἐς
