1708 3126
186 185 252 229 26
650 175 1117 220 DISSERTATIO
1160 175 1187 219 1.

186 294 325 335 matici
355 293 510 334 aoristo
542 287 718 346 ζήσειας
748 290 985 345 praeferunt
1017 289 1151 332 Uram.
1182 288 1246 332 lv.
1267 289 1363 332 208.
1393 303 1430 334 v.
1459 288 1572 332 Bast.
1604 289 1653 333 ad

191 359 393 401 Aristaen.
423 371 460 413 p.
492 356 586 399 733.
620 352 775 408 ζώοιμι
803 355 996 412 Apollon.
1022 355 1137 411 Synt.
1155 355 1224 398 ΙΙΙ.
1254 355 1323 407 24,
1352 355 1448 399 250.
1505 355 1654 399 Home·

187 429 314 468 ricum
345 420 542 477 μνώοντο
574 421 816 464 affectumne
849 423 903 465 sit
948 435 1001 465 an
1031 423 1083 466 ab
1114 424 1276 479 integro
1311 419 1517 476 μνώομαι
1548 423 1656 466 deri-

186 498 321 535 vatum
351 492 392 532 in
425 488 766 532 deliberationem
799 490 910 531 venit
937 503 974 532 v.
1008 488 1215 533 Diss.X1.
1245 490 1281 544 ξ.
1297 489 1338 531 5.
1395 488 1478 533 Pro
1511 489 1658 547 σοφὰν

187 554 411 611 ἐπεβιόετο
441 555 591 609 τέχναν
622 554 741 597 Bion.
758 553 843 596 Vll.
859 556 899 597 2.
929 563 1097 613 recepta
1125 563 1188 599 est
1222 555 1424 599 Salmasii
1456 557 1659 599 eorrectio

185 621 411 678 ἑπεμώετο
450 622 607 677 vulgati
652 621 829 665 similior
862 635 984 678 quam
1020 623 1129 679 quod
1169 623 1241 666 alii
1279 624 1514 666 asciverunt
1552 619 1657 665 ἐπεέ

187 689 343 744 μαίετο
387 688 460 731 sed
492 688 618 731 dubia
653 694 791 732 tamen
825 696 990 745 propter
1022 690 1112 732 cod.
1142 687 1252 732 Flor.
1284 691 1527 746 scripturam
1557 687 1661 732 ἑπε-

187 754 363 810 βαίνετο
403 762 442 798 et
475 757 573 812 quia
610 755 727 798 verbi
764 751 872 808 μιόω
912 755 1102 812 exempla
1140 769 1223 798 non
1258 756 1362 798 satis
1401 761 1517 798 certa
1545 762 1662 805 sunt3

188 836 283 866 nam
311 819 433 875 μιύεο
465 822 572 878 apud
600 820 888 878 Epicharmum
918 821 1150 866 Ahrensius
1179 836 1217 879 p.
1249 821 1344 865 349.
1377 821 1564 865 codic‘um
1599 823 1661 876 in7

188 891 310 933 diciis
341 890 384 930 in
412 890 538 942 μῶσο
570 888 790 931 demutavit
829 902 867 931 v.
892 887 1076 932 Meinek.
1099 889 1239 932 Anall.
1271 887 1380 940 134„
1409 902 1483 945 pro
1511 891 1662 931 Κατα-

185 954 341 1010 μώσάς
370 954 528 1004 καθεὶς
558 952 682 997 ἕνεκα
701 956 780 997 τοῦ
808 954 948 1009 ζητεῖν
974 955 1099 1014 παρὰ
1119 955 1168 998 τὸ
1199 952 1486 1009 ματεύεινη)
1511 953 1663 1013 ὥςπερ
1692 966 1693 969 ’

187 1020 262 1065 καὶ
300 1020 350 1064 τὸ
386 1018 772 1074 καταματούμενος
815 1019 961 1064 Galen.
1003 1022 1144 1066 Gloss.
1174 1021 1348 1066 Foesius
1388 1019 1662 1076 καταμάσας,
1692 1055 1694 1058 .

191 1087 423 1131 Dindoriius
453 1086 579 1130 Thes.
610 1085 676 1130 IV,
707 1085 829 1129 1141.
870 1087 1194 1145 καταμηλώσας
1227 1089 1456 1140 substituit,
1492 1101 1664 1146 quorum
1691 1130 1694 1132 .

191 1157 370 1200 omnium
400 1154 507 1210 apud
530 1153 819 1210 Hippocratem
847 1154 951 1197 nihil
976 1155 1129 1210 legitur
1169 1156 1244 1199 sed
1274 1156 1442 1212 saepius
1473 1151 1664 1208 ἒςμάσα-
1693 1146 1697 1152 ⁴

190 1226 313 1270 σθαι,
346 1220 642 1274 ἐςματέεσθαι
663 1228 704 1263 ct
734 1221 1095 1274 κατοιματέεσθαι
1124 1223 1166 1265 id
1191 1229 1256 1266 est
1274 1223 1446 1278 digitum
1473 1221 1542 1265 vel
1570 1234 1664 1278 spe-

191 1289 331 1333 cillum
359 1287 600 1344 explorandi
632 1300 761 1330 eausa
791 1290 1000 1339 inserere3
1029 1291 1215 1342 μῶσθαι
1244 1291 1286 1332 in
1303 1288 1548 1345 Theogn.v.
1569 1288 1664 1331 771.

192 1369 244 1399 ex
273 1351 481 1408 μαίεσθαι
515 1360 765 1397 contractum
796 1353 927 1396 videri
952 1361 1088 1410 potest
1117 1362 1158 1398 ut
1176 1352 1370 1400 Ῥῶσθαι
1399 1352 1667 1407 σπουδάζειν
1700 1351 1701 1362 ’

189 1422 305 1465 Phot.
337 1433 389 1463 ex
417 1417 620 1476 ρώεσθαι
641 1421 708 1474 ⁴³)
738 1421 813 1463 sed
842 1434 1018 1464 necesse
1044 1435 1130 1477 non
1155 1429 1239 1474 est3
1278 1435 1374 1465 nam
1398 1410 1698 1465 indicativum'

190 1491 345 1543 μιῦμαι
373 1485 688 1529 recordantibus
718 1486 842 1530 facile
875 1487 1025 1530 accidit
1050 1494 1094 1530 ut
1123 1488 1347 1532 obscurata
1374 1489 1523 1544 integri
1552 1484 1664 1542 μάο-

190 1571 273 1608 μαι
291 1554 491 1596 memoria
520 1565 593 1608 pro
619 1555 798 1606 μᾶσθαι
826 1553 964 1596 furtim
982 1567 1027 1596 se
1053 1555 1284 1598 insinuaret
1307 1557 1506 1608 μῶσθαι.
1565 1553 1666 1603 Per-
1699 1566 1708 1585 -¹

191 1620 358 1664 celebre
390 1626 454 1662 est
483 1616 672 1676 ῥώομαι,
705 1620 820 1674 cujus
841 1621 1016 1663 activam
1043 1620 1219 1664 formam
1236 1619 1668 1678 ponitMoschopulus
1700 1668 1702 1670 v

193 1688 246 1731 ad
273 1685 372 1729 Hes.
402 1683 503 1742 Opp.
533 1684 602 1727 99.
636 1684 695 1737 ζεῦ
721 1684 867 1729 κοινὸν
894 1682 969 1743 ἀφ’
1003 1679 1054 1731 οὗ
1087 1684 1183 1740 ζώω
1213 1685 1338 1745 παρὰ
1368 1690 1579 1743 ποιηταῖς
1606 1683 1668 1738 ὥς
1698 1687 1708 1714 ³⁵

192 1750 351 1803 πλώω,
384 1749 504 1809 (inico,
540 1764 614 1807 pro
642 1765 722 1807 quo
751 1751 950 1795 mendose
980 1749 1099 1809 ὁρόω
1130 1755 1324 1810 scriptum
1359 1758 1521 1807 estu)
1578 1753 1666 1796 Alii
1698 1793 1702 1803 ς

191 1820 347 1875 fingunt
376 1815 467 1876 ῥόω
498 1824 541 1860 ut
569 1815 711 1868 πλόω,
742 1811 840 1873 quia
867 1818 1007 1861 verbis
1033 1826 1176 1862 sextae
1202 1820 1356 1864 classis
1385 1820 1562 1864 futurum
1592 1819 1667 1863 ab-

186 1887 374 1943 judicant
413 1882 528 1926 Eust.
556 1883 624 1935 49,
656 1884 693 1925 1.
734 1891 855 1940 atque
896 1883 1015 1939 hujus
1053 1889 1280 1943 prototypi,
1326 1886 1435 1944 quod
1479 1886 1532 1930 ab
1573 1881 1666 1943 ἷίρω
1704 1890 1708 1943 ss

194 1948 373 2009 (ὤρετο)
412 1951 547 2007 potius
586 1963 708 2006 quam
746 1963 772 1992 a
811 1948 898 2007 §eat
938 1957 1069 1994 ortum
1106 1953 1286 2004 videtur,
1307 1954 1377 2008 ⁴⁵)
1415 1953 1668 1996 lineamenta
1705 1956 1708 2005 J

284 2077 345 2121 42)
378 2076 524 2110 Rectius
557 2074 762 2120 scripsisset
783 2078 934 2120 ματεΐν,
966 2075 1033 2110 sed
1057 2087 1264 2121 germanum
1284 2082 1431 2123 etymon
1456 2083 1513 2112 est
1533 2079 1610 2122 μᾷν
1632 2078 1669 2113 id

195 2140 251 2169 est
280 2136 472 2180 μαίεσθαι.
518 2133 605 2175 Μῶ,
637 2131 667 2165 si
696 2130 934 2176 Epicharmus
966 2132 1018 2167 sic
1050 2132 1216 2177 scripsit,
1248 2131 1421 2180 μώμενος
1455 2139 1491 2169 et
1513 2137 1667 2180 μῶνται,
1692 2132 1708 2168 ζ

196 2201 290 2236 quae
313 2188 511 2223 Ahrensius
534 2199 578 2221 ex
604 2188 763 2234 Tragicis
799 2193 834 2222 et
857 2186 1092 2232 Euphorione
1118 2188 1235 2233 affert,
1263 2201 1336 2225 non
1362 2189 1486 2226 dorica
1509 2191 1575 2225 sed
1600 2191 1669 2226 usi-
1691 2197 1708 2222 ’.

196 2252 273 2281 tato
297 2245 405 2279 modo
439 2248 626 2279 contracta
649 2249 748 2287 sunt,
780 2243 845 2278 sed
867 2246 1000 2290 Σῶμαι
1029 2244 1128 2307 {qvo
1154 2247 1310 2293 Δωριεῖς
1332 2245 1420 2281 Hes.
1445 2258 1512 2293 pro
1535 2244 1670 2293 σόομαι
1706 2279 1708 2284 .

195 2304 342 2347 σοῦμαι.
1706 2298 1708 2302 ⁴

286 2358 348 2401 43)
378 2356 527 2391 Ῥῶσται
552 2357 694 2391 ἵσταται
716 2354 804 2392 Hes.
824 2356 884 2391 vel
909 2356 1107 2402 perfectum
1132 2363 1188 2394 est
1205 2369 1274 2404 pro
1300 2358 1452 2408 ἔρῥωῐαι
1475 2359 1535 2395 vel
1551 2358 1669 2404 potius

196 2425 371 2462 praesens
396 2414 508 2461 ῥῶται
530 2423 598 2457 pro
623 2410 762 2460 ρώειαι.

283 2471 343 2514 44)
380 2468 495 2515 Orpb.
512 2469 595 2513 Arg.
614 2467 711 2502 1208.
737 2467 802 2504 οὐκ
827 2468 987 2514 ἀπίθησε
1006 2468 1097 2509 νεὼς
1119 2467 1280 2518 ἰθύντωρ
1298 2469 1477 2516 Ἀγκαῖος,
1501 2470 1669 2518 ἀνέτρεχε

197 2529 229 2564 δ’
260 2523 337 2572 αἶψ’
367 2524 578 2573 ἆνορούων·
604 2524 708 2560 codd.
732 2524 911 2573 ἀνέτρεψε
934 2524 966 2561 ‹5‘
990 2521 1067 2571 αἶψ’
1088 2523 1276 2574 ἆνορώων,
1304 2526 1531 2563 Hermannus
1556 2526 1669 2576 ἀναρ-
1699 2520 1702 2523 “

196 2582 302 2632 ῥώων
327 2582 359 2618 δ’
395 2579 473 2626 αἶψ’
512 2580 702 2629 ἀνέτρεψε.
751 2579 882 2617 Donec
911 2579 991 2630 ῥώω
1016 2582 1200 2617 inventum
1233 2581 1357 2625 fuerit,
1389 2582 1560 2629 praefero
1584 2581 1670 2618 ἀνέ-
1701 2595 1703 2601 ’

198 2653 310 2687 mane
345 2638 377 2675 δ’
416 2635 491 2683 αἶψ’
530 2636 748 2685 ἀνακρούων
780 2643 816 2672 ut
852 2637 1021 2682 Apollon.
1054 2636 1116 2671 IV.
1154 2637 1252 2673 1651.
1294 2639 1362 2682 νῆα
1395 2636 1669 2689 ἀνακρούεσκον
1696 2645 1705 2663 n

198 2700 371 2746 ἐρετμοῖς.
421 2697 610 2741 Correptio
634 2697 742 2731 attica
767 2702 851 2731 ante
872 2688 917 2745 Ξρ
941 2697 991 2731 illi
1015 2707 1087 2730 non
1112 2695 1257 2731 insolita
1282 2701 1348 2732 est.

290 2755 350 2797 ¹15)
387 2753 556 2797 Congruit
581 2752 779 2798 Hesychius
798 2752 919 2798 Ῥεῦμα
945 2750 1103 2800 ὅρμημα.
1699 2778 1708 2797 a
