1728 3120
225 167 324 213 256
649 159 1112 204 DISSERTATIO
1163 160 1271 205 XVI.

225 274 452 319 ἆπείλλειν
481 271 509 313 ο’
539 271 655 315 ἐστιν
685 267 912 327 ἀπείργειν
941 271 1035 316 ΕΜ.
1067 274 1161 326 120,
1190 275 1258 318 51.
1298 276 1413 331 cujus
1443 280 1718 339 canti-ariamf*

225 341 468 386 sententiam
498 338 608 380 infra
634 337 891 390 adscribam,
927 346 966 382 et
1000 336 1184 399 ὅφειλή,
1214 341 1323 398 quod
1351 341 1461 386 idem
1487 346 1533 392 in
1546 328 1719 403 Xeno-x}

222 409 384 466 phontis
413 405 521 448 libro
553 405 602 447 de
636 404 836 448 reditibus
864 407 1038 463 reperiri
1066 408 1142 458 ait,
1181 408 1257 451 sed
1293 406 1418 452 hodie
1445 419 1720 478 numeratur¹

221 478 328 518 inter
356 473 589 516 idiotismos
619 474 862 527 scriptorum
891 486 1125 525 sacrorum3
1154 476 1314 518 tertium
1341 475 1393 518 ab
1410 457 1720 536 Aristophane

221 544 354 585 fiotum
392 537 482 583 ἀπὸ
512 540 589 581 τοῦ
627 536 792 581 αἰόλλω
823 535 1021 596 ἇπαιόλη
1053 537 1078 598 ἡ
1111 537 1260 597 ἀπάτη
1289 539 1404 586 Eust·
1431 542 1617 596 352‚33
1561 537 1718 600 33.⁷){

221 610 448 654 Verborum
476 609 519 650 in
548 624 617 660 μω
648 610 878 651 exeuntium
900 615 1014 652 tanta
1043 616 1106 652 est
1127 612 1316 666 paucitas
1336 617 1378 654 ut
1405 625 1526 657 nemo
1550 610 1718 657 mirari*

220 680 353 736 possit
392 675 738 719 substantivorum
781 675 969 732 exempla
1012 676 1133 719 nobis
1179 677 1351 730 deesse3
1391 692 1489 723 nam
1531 679 1717 739 θέρμῃ,

223 747 302 789 etsi
339 748 532 787 accentus
571 755 654 785 non
687 741 813 784 officit
857 755 936 798 quo
966 746 1099 785 minus
1131 743 1183 786 ab
1221 743 1412 789 obsoleto
1439 745 1596 804 θέρμω
1625 760 1693 790 re-

220 818 381 870 petatur
402 824 440 853 v.
459 809 612 851 Parall.
629 807 724 851 394.
753 816 891 851 tamen
916 808 1174 865 probabilius
1196 810 1405 854 confertur
1433 824 1525 856 cum
1539 811 1711 870 ψύχροιἸ

222 886 263 922 et
292 878 388 922 aliis
416 873 671 931 hujusmodi,
712 888 817 931 quae
859 875 1073 931 adJectivis
1109 876 1286 921 subnata
1322 885 1428 921 sunt.
1482 877 1572 922 Hoc
1599 879 1722 936 plus>

221 947 420 989 materiae
452 942 623 1000 praebet
652 942 775 985 litera
805 942 900 985 huic
930 943 1138 999 proxima:
1179 944 1231 987 ab
1263 940 1353 988 ἅνω
1382 941 1485 1003 ὄίνη,
1515 957 1542 988 a
1571 945 1712 1000 rem„

222 1012 332 1069 quod
369 1012 412 1053 in
450 1016 537 1052 arte
576 1010 759 1064 ponitur,
806 1009 905 1064 γένη
946 1009 1020 1051 sed
1060 1023 1086 1052 a
1130 1009 1330 1065 γείνομαι
1367 1024 1452 1055 non
1493 1014 1613 1067 γεῖνα
1650 1018 1711 1056 ut·

220 1081 351 1122 πεῖνα
382 1076 457 1119 sed
485 1075 609 1131 γέννα
639 1076 759 1130 quasi
789 1075 950 1118 aeolice
980 1075 1135 1127 fictum,
1176 1073 1267 1120 ἀπὸ
1296 1080 1376 1120 τοῦ
1406 1077 1537 1122 κλίνω
1567 1076 1690 1134 κλίνη

221 1143 424 1188 Choerob.
457 1141 591 1184 Gram.
622 1140 672 1183 ΙΙ.
702 1141 799 1183 229.
838 1148 880 1184 ut
907 1140 1050 1198 φθίνα
1080 1140 1106 1199 ἡ
1143 1141 1323 1199 ἑρυσίβη
1353 1142 1450 1187 Hes.
1483 1156 1510 1186 a
1539 1142 1689 1201 φθίνω
1726 1151 1728 1204 j

217 1221 412 1269 tanquam
450 1210 571 1253 tabes
611 1210 815 1266 quaedam
854 1212 1049 1266 stirpium.
1107 1211 1147 1253 A
1185 1211 1326 1255 verbis
1364 1214 1408 1256 in
1438 1203 1530 1257 ι’)-ιῗῶ
1562 1210 1688 1269 μύνη,
1726 1205 1728 1251 ff

219 1276 385 1334 ἄμυνα,
417 1273 601 1327 εὔθυνα,
633 1275 831 1333 αἰσχύνη,
870 1273 1029 1333 τορύνη
1060 1284 1100 1320 et
1133 1279 1329 1321 novitium
1371 1275 1546 1335 ἇλγύνη.
1602 1277 1690 1322 Nec

217 1345 489 1403 improbanda
531 1344 692 1386 videtur
729 1344 933 1386 sententia
976 1342 1229 1387 scholiastae
1268 1343 1371 1400 Lyc.
1406 1345 1501 1389 107.
1569 1342 1688 1402 Βύνη

218 1412 344 1469 παρὰ
374 1411 423 1455 τὸ
457 1409 568 1454 ὃύνω
590 1409 637 1452 τὸ
667 1410 884 1464 κολυμβιῦ,
916 1416 955 1452 et
975 1409 1027 1452 ab
1058 1410 1204 1453 eodem
1223 1411 1403 1454 sortasse
1425 1412 1691 1455 denominata

218 1485 281 1522 est
311 1477 542 1533 Δυναμένη
579 1477 659 1519 dea
695 1477 877 1527 marina,
915 1476 1013 1518 licet
1052 1478 1198 1520 aoristi
1239 1477 1462 1522 δύνασθαι
1498 1478 1690 1534 exempla

218 1559 270 1588 ex
299 1545 376 1587 illa
409 1544 648 1599 antiquitate
685 1542 863 1599 proferri
892 1556 974 1585 non
1010 1545 1182 1599 possint.
1205 1546 1245 1596 ³)
1303 1543 1341 1587 Α
1373 1542 1536 1600 γραίνω
1565 1544 1690 1588 redu-

214 1612 436 1668 plicatione
469 1610 610 1652 addita
638 1606 875 1666 γάγγραινα
896 1622 932 1652 v.
950 1608 1144 1665 Prolegg.
1169 1624 1207 1667 p.
1224 1610 1290 1653 35.
1349 1609 1464 1654 Haec
1485 1611 1690 1668 excipiunt
1726 1664 1728 1666 q

216 1674 323 1735 αἷρα
352 1674 378 1735 ἡ
411 1679 563 1734 σφῦρα
584 1675 709 1732 παρὰ
741 1675 788 1718 τὸ
818 1673 929 1732 αἴρω
948 1673 1042 1718 EM.
1058 1676 1125 1727 38,
1149 1676 1219 1719 40.
1249 1690 1300 1720 ex
1331 1691 1410 1734 quo
1435 1683 1529 1720 sunt
1556 1674 1690 1720 latina

215 1759 314 1788 aero
347 1751 386 1787 et
416 1756 643 1792 aerumna,
680 1745 823 1798 μαῒρα
856 1744 1048 1784 canicula
1078 1743 1297 1798 flammans
1333 1740 1425 1788 ἀπὸ
1458 1745 1538 1788 τοῦ
1572 1760 1688 1801 μαρ-

213 1809 390 1869 μαίρειν
428 1809 541 1853 Eust.
574 1810 695 1859 1131,
723 1807 762 1851 4.
803 1815 841 1851 et
878 1822 1149 1865 personarum
1184 1809 1393 1853 vocabula
1429 1810 1615 1868 γέραιρα
1648 1816 1688 1853 et

213 1877 447 1934 Μέγαιρα,
491 1884 575 1919 tum
617 1873 716 1931 εἶ’ρα
758 1872 783 1931 ἦ
833 1872 1042 1931 ἐκκλησία
1081 1875 1206 1931 παρὰ
1246 1874 1295 1918 τὸ
1338 1873 1473 1932 εἶ’ρειν
1509 1874 1607 1919 Sch.
1637 1875 1686 1918 ll.

212 1942 362 1986 XVIII.
390 1944 485 1985 531.
528 1943 580 1985 cf.
610 1941 822 1984 Muetzell.
854 1942 903 1984 de
936 1940 1098 1996 Theog.
1126 1956 1165 1998 p.
1196 1942 1290 1984 112.
1323 1956 1384 1998 sq.
1427 1939 1554 1998 ὄείρα
1582 1939 1687 2000 τρά-

208 2009 342 2062 χηλος
378 2007 594 2064 διαίρεσις
623 2007 720 2049 Hes.
763 2020 788 2049 a
824 2007 938 2062 δέρω
966 2006 1061 2048 ΕΜ.
1101 2007 1257 2063 πειραὶ
1297 2005 1502 2050 κοπάνων
1531 2007 1685 2052 Aesch.

213 2073 425 2117 (2110.847.
457 2069 546 2116 ἀπὸ
574 2076 652 2115 τοῦ
681 2071 851 2130 πείρειν
869 2071 1011 2116 Schol.
1043 2072 1152 2128 quod
1182 2074 1218 2114 si
1238 2071 1521 2116 Blomfieldius
1554 2081 1685 2117 atten-

212 2141 364 2190 disset,
405 2154 487 2183 non
527 2139 581 2181 ad
612 2139 817 2182 diversum
855 2142 991 2195 πεῖρα
1029 2141 1287 2192 experientia
1325 2139 1520 2196 delapsus
1552 2140 1682 2190 foret3

212 2206 340 2262 σειρά
372 2205 496 2263 παρὰ
525 2205 574 2247 τὸ
607 2203 711 2259 εἷ’ρω
744 2204 948 2248 Choerob.
980 2204 1182 2247 Cram.II.
1207 2205 1304 2247 260.
1337 2202 1496 2262 ἔθειρα
1526 2204 1574 2249 ἐκ
1605 2209 1684 2249 τοῦ

213 2271 377 2329 ἓθείρω
417 2272 472 2314 ih.
505 2271 609 2322 201,
645 2272 711 2314 30.
734 2274 774 2326 ⁹)
816 2268 906 2315 ἀπὸ
952 2273 1030 2314 τοῦ
1074 2271 1295 2328 πορφύρω
1335 2268 1549 2328 πορφύρα
1585 2270 1683 2314 ΕΜ.

301 2397 337 2440 7)
372 2396 493 2432 Schol.
529 2396 652 2432 Nubb.
681 2396 780 2432 1153.
815 2394 915 2443 παρὰ
948 2394 986 2431 τὸ
1019 2394 1231 2431 &nument-
1259 2393 1492 2443 Ἀρίσταρχος
1525 2394 1568 2430 δὲ
1599 2392 1684 2435 ὀξύ-

209 2456 345 2489 νεσθαι
365 2463 490 2499 φησιν.

298 2509 336 2553 8)
370 2509 446 2543 Illis
473 2520 565 2553 quae
592 2510 638 2544 ad
662 2509 798 2544 Buttm.
824 2522 859 2555 p.
887 2509 962 2544 157.
988 2507 1102 2551 attuli,
1127 2506 1221 2541 adde
1248 2504 1472 2543 ἒνὸύνασθαι
1494 2506 1679 2543 Heliod.1.

209 2564 265 2608 26,
290 2564 346 2600 43.
373 2576 537 2600 occasus
560 2566 578 2601 ὁ
603 2563 715 2605 δύνας
736 2565 910 2602 Priscian.
926 2565 989 2600 IX.
1005 2564 1040 2608 9,
1061 2563 1140 2599 464.
1166 2562 1205 2598 Τ.
1227 2562 1269 2597 11.
1295 2560 1472 2603 δύναντος
1495 2566 1558 2598 τοῦ
1576 2562 1679 2608 ἡλίου

209 2620 294 2655 Sch.
318 2622 418 2655 Arat.
443 2622 497 2656 41.

300 2677 337 2719 9)
372 2676 511 2712 Eadem
542 2684 598 2713 est
629 2677 805 2713 connexio
830 2677 981 2712 nominis
1005 2674 1098 2722 κόμη
1124 2680 1159 2709 et
1186 2675 1291 2710 verbi
1321 2677 1451 2720 κομεῖν
1476 2685 1620 2710 comere
1643 2675 1680 2710 id

213 2737 267 2765 est
291 2744 420 2767 curare
447 2734 527 2770 sive
548 2735 727 2782 ἐθείρειν,
755 2734 852 2778 quod
875 2732 1078 2779 Hesychius
1099 2735 1254 2776 κοσμεῖν
1277 2731 1543 2776 interpretatur.
