1728 3120
234 179 298 225 82
678 170 1142 216 DISSERTATIO
1183 172 1249 215 lv.

235 289 327 331 dum
356 293 398 330 ut
423 284 588 342 χρῴζω,
618 282 798 340 πλιρζω,
828 281 975 340 φῴζω,
1006 298 1112 341 quae
1142 285 1409 330 Grammatici
1432 287 1523 330 iota
1543 285 1683 330 ’ἰιιθίῑι

234 356 317 398 bile
346 352 500 396 habere
535 352 646 406 ajunt
672 349 767 393 EM.
797 364 836 407 p.
866 351 962 402 667,
990 353 1058 394 25.
1090 366 1127 409 p.
1156 352 1253 404 803,
1281 351 1349 396 47.
1380 351 1568 408 Theogn.
1599 351 1682 397 l&

235 428 275 464 et
303 417 460 472 ἐπώζω
500 431 550 460 ex
587 414 775 470 ἑπωάζω
807 425 1071 463 contractum.
1126 419 1410 478 Diphthongos
1450 418 1530 463 hoc
1563 430 1685 475 genu

233 486 450 530 verborum
493 484 665 527 admittit
703 497 845 528 omnes
882 485 957 528 sed
995 486 1216 544 plerasque
1254 499 1350 530 raro
1379 491 1420 530 et
1451 486 1564 531 velut
1591 487 1685 530 deli

233 555 361 599 bandi
396 549 725 598 causa—obdab
763 551 828 605 εἷς
859 555 917 607 ζω
959 555 1091 612 λῆγον
1118 555 1208 613 πρὸ
1238 555 1390 607 τέλους
1421 552 1510 610 ἔχει
1537 555 1615 615 τὴν
1647 569 1688 600 ce

234 620 347 667 ἄλλα
379 618 514 676 μόνον
551 618 600 662 τὸ
640 618 786 673 παίζω
817 619 1039 665 Herodian.
1079 639 1128 666 π.
1158 626 1275 666 Μον.
1305 623 1384 674 22,
1410 622 1480 666 31
1519 635 1688 680 namqu

232 687 439 748 βοραίζω,
468 683 717 744 σφαδαίζω,
745 686 946 741 ματαίζω
965 690 1035 745 qui
1060 689 1243 732 scrihere
1261 690 1532 740 instituerunt,
1559 695 1689 733 tame

235 760 319 800 iota
346 755 619 813 pronunciare
648 767 732 796 non
755 761 847 797 sunt
877 755 988 799 soliti
1018 770 1055 799 v.
1081 755 1193 799 Eust.
1210 755 1334 807 1554,
1351 755 1421 799 25.
1453 755 1567 800 illius
1595 755 1689 800 ver

231 823 348 867 verbi
371 821 635 865 insolentiam
661 828 859 864 excusant
883 825 1047 866 nomine
1078 836 1286 880 syncopae
1317 822 1367 868 ἐκ
1393 825 1472 867 τοῦ
1500 823 1693 877 παιὸίζι

233 891 422 945 Theogn.
450 888 479 931 l.
507 902 542 932 c.
566 890 629 939 ¹⁷)
674 886 774 931 Item
804 902 926 931 uuum
957 897 1021 932 est
1053 888 1237 947 φαύζειν
1265 888 1315 933 τὸ
1347 887 1530 947 φρύγειν
1549 886 1684 935 'Ana'

235 957 305 1002 κοὶ
331 956 446 999 Phot.
476 962 516 998 et
541 954 764 1007 Eust.952‚
794 955 861 997 50.
892 956 1000 1012 quod
1031 956 1084 999 ad
1114 953 1279 1014 φῴζειν
1297 956 1471 999 eandem
1495 958 1697 1000 rationed

231 1024 357 1068 habet
386 1036 507 1079 quam
535 1020 749 1078 φαύσκειν
779 1022 833 1064 ad
862 1021 1066 1079 φώσκειν.
1124 1020 1312 1076 Βαύζειν
1339 1022 1558 1080 aliquoties
1589 1028 1665 1068 ιιι-ι

235 1091 536 1135 Grammaticos
559 1088 711 1144 legitur
740 1090 830 1132 sine
860 1092 1019 1145 punctis
1049 1090 1276 1133 diacriticis
1305 1089 1381 1133 sed
1403 1091 1505 1138 sia&
1517 1088 1665 1138 ratio
1656 1062 1684 1108 ¹

235 1158 423 1216 quodque
456 1156 687 1199 Brunckius
717 1157 760 1198 in
789 1157 898 1199 exitu
927 1157 1085 1199 senarii
1112 1156 1240 1199 edidit
1267 1154 1562 1213 uatussafflg
1573 1150 1654 1200 A

233 1225 320 1268 Vll.
352 1224 444 1267 108.
476 1225 568 1280 jure
606 1222 875 1279 improbatum
913 1230 975 1266 est
1012 1220 1536 1269 v.Hecke1-.comn.dv
1573 1224 1677 1268 An

233 1293 329 1337 242.
372 1291 434 1334 De
460 1292 581 1334 tertia
527 1290 788 1356 —Theogm
818 1289 857 1332 l.
877 1304 912 1333 c.
943 1297 982 1333 et
1005 1289 1182 1333 Gramm.
1214 1290 1264 1334 de
1283 1289 1435 1342 Qum
1455 1288 1509 1334 T.
1519 1286 1581 1334 -ss
1590 1286 1679 1362 ’Ξξῧ

232 1360 286 1406 τὰ
316 1360 390 1404 διὰ
419 1362 498 1403 τοῦ
528 1361 605 1414 ιζω
644 1357 820 1417 ῥηματα
849 1358 923 1402 διὰ
951 1363 1031 1403 τοῦ
1062 1378 1076 1402 ι
1116 1357 1651 1429 γραφεται-σεσηρυξῖ

235 1428 284 1472 τὸ
316 1425 523 1479 δανείζω·
554 1427 700 1482 γέγονε
730 1426 779 1469 δὲ
809 1422 901 1469 ἀπὸ
926 1429 1004 1469 τοῦ
1035 1425 1261 1480 δανειάζω,
1290 1426 1399 1483 quod
1419 1426 1517 1471 ad?
1510 1449 1555 1486 ‚232

233 1503 314 1539 tem
353 1506 524 1537 causam
560 1493 663 1536 nihil
702 1494 855 1536 attinet.
921 1491 1064 1549 Neque
1103 1499 1290 1550 quartae
1321 1492 1434 1539 aliud
1470 1507 1508 1539 e

235 1577 358 1622 quam
396 1559 557 1621 φεύζω.
612 1561 675 1605 De
715 1562 854 1605 verbis
899 1564 943 1605 in
981 1565 1087 1616 οιζω
1125 1562 1234 1607 idem
1261 1561 1336 1607 ille
1362 1570 1409 1609 et
1430 1557 1664 1610 flou-odim
1686 1536 1692 1580 Ι

234 1631 364 1689 Epim.
401 1643 439 1686 p.
466 1628 562 1670 252.
606 1630 666 1672 ita
701 1629 921 1685 loquuntur
956 1642 1006 1672 ac
1044 1630 1081 1672 si
1116 1639 1241 1672 unum
1275 1630 1457 1675 nossent
1387 1626 1624 1697 *deieci
1653 1605 1695 1669 l

235 1700 344 1758 quod
383 1711 435 1741 ne
474 1699 718 1754 primitivum
759 1699 921 1755 quidem
950 1704 1032 1741 est·
1079 1697 1133 1741 τὰ
1165 1697 1240 1742 διὰ
1279 1698 1366 1744 τοῦ
1382 1699 1505 1754 τιζω
1519 1697 1635 1743 &a
1662 1679 1695 1718 ¹

236 1770 311 1814 διὰ
338 1770 418 1811 τοῦ
446 1785 472 1811 v
500 1764 717 1824 γράφεται
733 1766 889 1824 τρύζω,
919 1766 1061 1820 σκύζω
1085 1785 1122 1810 κ
1142 1784 1177 1810 τ.
1197 1769 1237 1811 λ.
1267 1765 1671 1830 πληνῡουᾶθροι
1662 1725 1697 1788 ¹

236 1835 310 1879 καὶ
344 1834 478 1893 ῥοιζῶ
516 1831 566 1876 τὸ
604 1834 954 1888 περισπωμένων.
978 1837 1043 1885 ¹⁸)
1102 1833 1188 1877 Sed
1225 1835 1356 1878 idem
1372 1840 1544 1882 accentu
1568 1835 1679 1891 Q

230 1909 415 1951 notatum
443 1899 609 1943 exhibet
635 1897 872 1942 Eustathius
906 1900 1033 1950 1792,
1062 1902 1129 1943 22.
1159 1902 1305 1958 ῥάζειν
1333 1901 1407 1945 καὶ
1435 1901 1596 1960 ῥοίζειν
1681 1946 1688 1957 .,

237 1970 344 2027 ρι’ως
375 1965 595 2015 ὑλακτεῖν,
625 1967 707 2009 nisi
735 1967 772 2008 is
803 1964 946 2023 ῥύζειν
976 1968 1160 2023 scripsit,
1198 1968 1306 2010 unde
1336 1969 1604 2025 compositum
1636 1981 1683 2011 es
1719 2008 1720 2011 ,

237 2033 499 2093 ἑπιῤῥύζειν.
559 2031 620 2076 Ex
647 2031 743 2075 EM.
763 2033 858 2083 619,
885 2034 953 2076 58.
1003 2030 1303 2086 Απολλώνιος
1332 2034 1495 2090 λέγει
1479 2034 1551 2078 ότι
1583 2032 1658 2086 ἔστ
1684 2076 1691 2079 .

237 2100 287 2147 οἷ’
310 2099 533 2159 ἒπίῤῥημα
562 2097 908 2154 σχετλιαστικόν·
946 2099 995 2144 ἐκ
1024 2098 1181 2143 τούτου
1216 2098 1379 2155 γίνεται
1409 2098 1514 2155 οἷ’ζω
1553 2099 1616 2153 ὡς
1651 2118 1688 2158 oex

240 2166 293 2212 αἶ’
316 2165 469 2221 αἰάζω,
498 2180 581 2210 ιιοιι
608 2166 721 2209 clare
744 2166 986 2222 intelligitur
1013 2166 1181 2210 verbum
1208 2163 1326 2220 οἷ’ζω,
1358 2167 1465 2211 unde
1493 2166 1590 2211 Sch.
1620 2166 1690 2210 ΟιιἼ

235 2234 346 2278 XIV.
379 2234 475 2277 415.
508 2232 604 2277 Sch.
635 2232 767 2276 Nubb.
797 2234 893 2277 657.
925 2231 1046 2287 οἰζύς
1074 2234 1299 2277 derivatum
1327 2241 1478 2291 putant,
1508 2247 1536 2278 a
1562 2232 1685 2279 Gra(

237 2304 299 2346 cis
328 2301 476 2344 dictum
506 2314 621 2351 esse,
657 2301 844 2357 quodque
869 2299 1177 2357 Lexicographi
1203 2302 1333 2344 nostri
1356 2300 1452 2345 hinc
1480 2301 1647 2346 conflat
1675 2312 1678 2313 ’

238 2371 350 2425 ajunt
379 2365 580 2420 ὁυςοίζω,
624 2381 675 2410 ne
710 2367 1051 2423 significationem
1086 2367 1249 2424 quidem
1285 2367 1537 2412 lamentandi
1573 2368 1682 2412 hab

238 2437 312 2480 sed
334 2436 466 2492 potius
496 2434 610 2478 mala
627 2435 848 2486 ominandi,
879 2431 975 2477 κάκ’
1012 2427 1247 2485 όσσεσθαι,
1277 2447 1403 2491 quare
1432 2437 1567 2492 magis
1598 2449 1665 2480 co

237 2510 475 2546 sentaneum
504 2501 664 2544 videtur
697 2501 750 2544 ad
779 2498 932 2554 οιόμαι
969 2502 1122 2554 opinor
1152 2513 1390 2554 recurrere3
1430 2504 1502 2546 sin
1533 2516 1632 2560 prop
1697 2543 1700 2547 .

1548 1467 1650 1507 xm?

1683 1403 1691 1510 ⁴-ae—

329 2659 384 2703 17)
415 2657 611 2706 Ὡράζομαι
642 2658 740 2703 quod
760 2657 966 2693 Meinekius
992 2657 1091 2692 Com.
1115 2656 1176 2693 Fr.
1200 2656 1228 2692 1.
1252 2658 1331 2694 557.
1364 2658 1500 2704 aliquot
1529 2659 1619 2695 locis

238 2715 367 2757 stituit,
393 2714 640 2750 Grammaticis
662 2714 734 2748 illis
758 2714 915 2760 ignotum
939 2713 1049 2749 fuisse
1071 2718 1719 2761 apparet.

330 2770 385 2814 18)
411 2771 518 2806 Addit
536 2770 764 2807 Herodianus
789 2768 878 2808 ὅθεν
902 2772 964 2806 καὶ
988 2766 1149 2819 εὔροιζον
1165 2773 1324 2819 χρυσίον
1346 2772 1382 2807 id
1404 2748 1459 2809 est
1484 2769 1686 2822 οβρυζον

1502 3004 1643 3100 ,ι-
1681 2786 1728 3094 il

1549 3109 1578 3120 .-
1685 3092 1728 3120 .l
