<?xml version="1.0" encoding="UTF-8"?>
<!DOCTYPE html PUBLIC "-//W3C//DTD XHTML 1.0 Transitional//EN"
    "http://www.w3.org/TR/xhtml1/DTD/xhtml1-transitional.dtd">
<html xmlns="http://www.w3.org/1999/xhtml" xml:lang="en" lang="en">
 <head>
  <title>
</title>
<meta http-equiv="Content-Type" content="text/html;charset=utf-8" />
  <meta name='ocr-system' content='tesseract 3.04.00' />
  <meta name='ocr-capabilities' content='ocr_page ocr_carea ocr_par ocr_line ocrx_word'/>
</head>
<body>
  <div class='ocr_page' id='page_1' title='image "./rhematikonsiveve00lobeuoft_0271.png"; bbox 0 0 1728 3120; ppageno 0'>
   <div class='ocr_carea' id='block_1_1' title="bbox 32 371 75 680">
    <p class='ocr_par' dir='ltr' id='par_1_1' title="bbox 32 371 75 680">
     <span class='ocr_line' id='line_1_1' title="bbox 32 448 50 680; textangle 90"><span class='ocrx_word' id='word_1_1' title='bbox 32 603 50 680; x_wconf 44' lang='grc' dir='ltr'><strong>Ὓὴι,</strong></span> <span class='ocrx_word' id='word_1_2' title='bbox 33 534 40 583; x_wconf 36' lang='lat' dir='ltr'><strong>-H</strong></span> <span class='ocrx_word' id='word_1_3' title='bbox 34 479 42 518; x_wconf 53' lang='lat' dir='ltr'><strong>w·-</strong></span> <span class='ocrx_word' id='word_1_4' title='bbox 34 448 38 469; x_wconf 75' lang='grc'><strong>-,</strong></span> 
     </span>
     <span class='ocr_line' id='line_1_2' title="bbox 62 371 75 407; textangle 90"><span class='ocrx_word' id='word_1_5' title='bbox 62 371 75 407; x_wconf 38' lang='lat'><strong>,5⁴-</strong></span> 
     </span>
    </p>
   </div>
   <div class='ocr_carea' id='block_1_2' title="bbox 88 519 931 575">
    <p class='ocr_par' dir='ltr' id='par_1_2' title="bbox 76 519 931 608">
     <span class='ocr_line' id='line_1_3' title="bbox 88 519 931 575; baseline -0.012 6.857"><span class='ocrx_word' id='word_1_6' title='bbox 88 522 122 549; x_wconf 88' lang='grc'>’</span> <span class='ocrx_word' id='word_1_7' title='bbox 145 519 149 524; x_wconf 79' lang='grc'>’</span> <span class='ocrx_word' id='word_1_8' title='bbox 575 521 759 575; x_wconf 82' lang='lat' dir='ltr'><strong>Par</strong></span> <span class='ocrx_word' id='word_1_9' title='bbox 774 532 808 574; x_wconf 84' lang='lat' dir='ltr'>s</span> <span class='ocrx_word' id='word_1_10' title='bbox 867 520 931 573; x_wconf 87' lang='grc' dir='ltr'><strong>Ι.</strong></span> 
     </span>
    </p>
   </div>
   <div class='ocr_carea' id='block_1_3' title="bbox 94 647 1350 719">
    <p class='ocr_par' dir='ltr' id='par_1_3' title="bbox 94 647 1350 719">
     <span class='ocr_line' id='line_1_4' title="bbox 94 647 1350 719; baseline -0.001 -14.95"><span class='ocrx_word' id='word_1_11' title='bbox 94 650 242 719; x_wconf 81' lang='lat' dir='ltr'><strong>De</strong></span> <span class='ocrx_word' id='word_1_12' title='bbox 281 647 610 704; x_wconf 88' lang='lat' dir='ltr'><strong>nominibus</strong></span> <span class='ocrx_word' id='word_1_13' title='bbox 651 650 877 718; x_wconf 79' lang='lat' dir='ltr'><strong>primae</strong></span> <span class='ocrx_word' id='word_1_14' title='bbox 919 647 1350 705; x_wconf 76' lang='lat' dir='ltr'><strong>declinationis,</strong></span> 
     </span>
    </p>
   </div>
   <div class='ocr_carea' id='block_1_4' title="bbox 11 891 1524 2835">
    <p class='ocr_par' dir='ltr' id='par_1_4' title="bbox 11 891 1514 1360">
     <span class='ocr_line' id='line_1_5' title="bbox 33 891 1514 959; baseline -0.001 -13"><span class='ocrx_word' id='word_1_15' title='bbox 33 933 36 939; x_wconf 85' lang='lat'><em>-</em></span> <span class='ocrx_word' id='word_1_16' title='bbox 81 924 101 945; x_wconf 54' lang='grc' dir='ltr'>η</span> <span class='ocrx_word' id='word_1_17' title='bbox 123 891 233 959; x_wconf 86' lang='grc'><strong>51.</strong></span> <span class='ocrx_word' id='word_1_18' title='bbox 289 901 409 946; x_wconf 87' lang='lat' dir='ltr'><strong>Hanc</strong></span> <span class='ocrx_word' id='word_1_19' title='bbox 442 902 555 945; x_wconf 88' lang='lat' dir='ltr'><strong>viam</strong></span> <span class='ocrx_word' id='word_1_20' title='bbox 593 899 923 957; x_wconf 83' lang='lat' dir='ltr'><strong>ingredientibus</strong></span> <span class='ocrx_word' id='word_1_21' title='bbox 954 902 1092 944; x_wconf 85' lang='lat' dir='ltr'><strong>statim</strong></span> <span class='ocrx_word' id='word_1_22' title='bbox 1124 901 1303 945; x_wconf 88' lang='lat' dir='ltr'><strong>occurrit</strong></span> <span class='ocrx_word' id='word_1_23' title='bbox 1332 913 1413 944; x_wconf 79' lang='lat' dir='ltr'><strong>vox</strong></span> <span class='ocrx_word' id='word_1_24' title='bbox 1443 901 1514 944; x_wconf 86' lang='lat' dir='ltr'><strong>ad·</strong></span> 
     </span>
     <span class='ocr_line' id='line_1_6' title="bbox 31 941 1500 1039; baseline -0.002 -26"><span class='ocrx_word' id='word_1_25' title='bbox 31 941 255 1039; x_wconf 46' lang='lat' dir='ltr'><strong>{seudum</strong></span> <span class='ocrx_word' id='word_1_26' title='bbox 285 969 627 1026; x_wconf 86' lang='lat' dir='ltr'><strong>auspicatissima</strong></span> <span class='ocrx_word' id='word_1_27' title='bbox 654 965 711 1026; x_wconf 82' lang='grc' dir='ltr'><strong>ἀή</strong></span> <span class='ocrx_word' id='word_1_28' title='bbox 743 969 832 1012; x_wconf 89' lang='lat' dir='ltr'><strong>sive</strong></span> <span class='ocrx_word' id='word_1_29' title='bbox 861 967 1068 1011; x_wconf 83' lang='lat' dir='ltr'><strong>aeolicum</strong></span> <span class='ocrx_word' id='word_1_30' title='bbox 1099 964 1160 1010; x_wconf 77' lang='grc' dir='ltr'><strong>ἶία</strong></span> <span class='ocrx_word' id='word_1_31' title='bbox 1190 979 1344 1010; x_wconf 87' lang='lat' dir='ltr'><strong>aurora</strong></span> <span class='ocrx_word' id='word_1_32' title='bbox 1362 966 1500 1010; x_wconf 88' lang='lat' dir='ltr'><strong>Musis</strong></span> 
     </span>
     <span class='ocr_line' id='line_1_7' title="bbox 11 1014 1498 1092; baseline -0.003 -12"><span class='ocrx_word' id='word_1_33' title='bbox 11 1014 42 1052; x_wconf 58' lang='lat'><strong>’&#39;</strong></span> <span class='ocrx_word' id='word_1_34' title='bbox 82 1038 176 1085; x_wconf 74' lang='grc' dir='ltr'><strong>ἀ,</strong></span> <span class='ocrx_word' id='word_1_35' title='bbox 216 1037 334 1092; x_wconf 88' lang='lat' dir='ltr'><strong>cujus</strong></span> <span class='ocrx_word' id='word_1_36' title='bbox 366 1037 552 1091; x_wconf 82' lang='lat' dir='ltr'><strong>genitivo</strong></span> <span class='ocrx_word' id='word_1_37' title='bbox 589 1031 676 1086; x_wconf 66' lang='grc' dir='ltr'><strong>ἔας</strong></span> <span class='ocrx_word' id='word_1_38' title='bbox 702 1034 873 1086; x_wconf 86' lang='lat' dir='ltr'><strong>Boeoti,</strong></span> <span class='ocrx_word' id='word_1_39' title='bbox 913 1041 955 1077; x_wconf 91' lang='lat' dir='ltr'><strong>ut</strong></span> <span class='ocrx_word' id='word_1_40' title='bbox 983 1033 1293 1090; x_wconf 83' lang='lat' dir='ltr'><strong>Lexicographi</strong></span> <span class='ocrx_word' id='word_1_41' title='bbox 1336 1034 1498 1083; x_wconf 84' lang='lat' dir='ltr'><strong>docent,</strong></span> 
     </span>
     <span class='ocr_line' id='line_1_8' title="bbox 12 1083 1501 1159; baseline -0.003 -11"><span class='ocrx_word' id='word_1_42' title='bbox 12 1083 40 1158; x_wconf 19' lang='grc' dir='ltr'><strong>,ἦ</strong></span> <span class='ocrx_word' id='word_1_43' title='bbox 69 1103 206 1148; x_wconf 82' lang='lat' dir='ltr'><strong>verbii</strong></span> <span class='ocrx_word' id='word_1_44' title='bbox 232 1102 330 1147; x_wconf 83' lang='lat' dir='ltr'><strong>loco</strong></span> <span class='ocrx_word' id='word_1_45' title='bbox 358 1103 424 1145; x_wconf 80' lang='lat' dir='ltr'><strong>usi</strong></span> <span class='ocrx_word' id='word_1_46' title='bbox 454 1109 549 1145; x_wconf 87' lang='lat' dir='ltr'><strong>sunt</strong></span> <span class='ocrx_word' id='word_1_47' title='bbox 577 1114 651 1158; x_wconf 88' lang='lat' dir='ltr'><strong>pro</strong></span> <span class='ocrx_word' id='word_1_48' title='bbox 674 1098 740 1152; x_wconf 82' lang='grc' dir='ltr'><strong>εἷς</strong></span> <span class='ocrx_word' id='word_1_49' title='bbox 767 1097 924 1156; x_wconf 67' lang='grc' dir='ltr'><strong>αῗίριον</strong></span> <span class='ocrx_word' id='word_1_50' title='bbox 942 1106 985 1143; x_wconf 87' lang='lat' dir='ltr'><strong>ut</strong></span> <span class='ocrx_word' id='word_1_51' title='bbox 1012 1098 1113 1151; x_wconf 73' lang='grc' dir='ltr'><strong><em>ἕνας</em></strong></span> <span class='ocrx_word' id='word_1_52' title='bbox 1140 1113 1215 1157; x_wconf 84' lang='lat' dir='ltr'><strong>pro</strong></span> <span class='ocrx_word' id='word_1_53' title='bbox 1246 1098 1312 1151; x_wconf 84' lang='grc' dir='ltr'><strong>εἷς</strong></span> <span class='ocrx_word' id='word_1_54' title='bbox 1338 1100 1501 1159; x_wconf 80' lang='grc' dir='ltr'><strong><em>τρίτην,</em></strong></span> 
     </span>
     <span class='ocr_line' id='line_1_9' title="bbox 12 1153 1502 1227; baseline -0.002 -12"><span class='ocrx_word' id='word_1_55' title='bbox 12 1153 19 1182; x_wconf 68' lang='lat'>&#39;</span> <span class='ocrx_word' id='word_1_56' title='bbox 66 1171 271 1227; x_wconf 85' lang='lat' dir='ltr'><strong>demque</strong></span> <span class='ocrx_word' id='word_1_57' title='bbox 309 1181 452 1213; x_wconf 79' lang='lat' dir='ltr'><strong>casum</strong></span> <span class='ocrx_word' id='word_1_58' title='bbox 493 1167 734 1212; x_wconf 86' lang='lat' dir='ltr'><strong>Zenodotus</strong></span> <span class='ocrx_word' id='word_1_59' title='bbox 774 1166 955 1211; x_wconf 84' lang='lat' dir='ltr'><strong>Homero</strong></span> <span class='ocrx_word' id='word_1_60' title='bbox 995 1169 1165 1224; x_wconf 79' lang='lat' dir='ltr'><strong>impegit</strong></span> <span class='ocrx_word' id='word_1_61' title='bbox 1192 1167 1238 1210; x_wconf 93' lang='lat' dir='ltr'><strong>Il.</strong></span> <span class='ocrx_word' id='word_1_62' title='bbox 1267 1167 1375 1211; x_wconf 90' lang='lat' dir='ltr'>VIII.</span> <span class='ocrx_word' id='word_1_63' title='bbox 1404 1168 1502 1212; x_wconf 85' lang='lat'>470.</span> 
     </span>
     <span class='ocr_line' id='line_1_10' title="bbox 12 1218 1505 1296; baseline -0.001 -15"><span class='ocrx_word' id='word_1_64' title='bbox 12 1218 62 1249; x_wconf 61' lang='lat'><strong>⁸⁵</strong></span> <span class='ocrx_word' id='word_1_65' title='bbox 75 1233 230 1296; x_wconf 85' lang='grc' dir='ltr'><strong><em>ἧοῢς</em></strong></span> <span class='ocrx_word' id='word_1_66' title='bbox 254 1234 494 1280; x_wconf 81' lang='lat' dir='ltr'><strong>scribens’</strong></span> <span class='ocrx_word' id='word_1_67' title='bbox 474 1251 560 1286; x_wconf 86' lang='grc' dir='ltr'><strong>αας</strong></span> <span class='ocrx_word' id='word_1_68' title='bbox 587 1234 668 1279; x_wconf 86' lang='lat' dir='ltr'><strong>hoc</strong></span> <span class='ocrx_word' id='word_1_69' title='bbox 698 1242 762 1278; x_wconf 85' lang='lat' dir='ltr'><strong>est</strong></span> <span class='ocrx_word' id='word_1_70' title='bbox 793 1234 888 1288; x_wconf 79' lang='grc' dir='ltr'><strong>ἅμα</strong></span> <span class='ocrx_word' id='word_1_71' title='bbox 918 1231 1074 1292; x_wconf 76' lang='grc' dir='ltr'><strong>ἡιιέρα.</strong></span> <span class='ocrx_word' id='word_1_72' title='bbox 1127 1231 1245 1286; x_wconf 83' lang='grc' dir='ltr'><strong>Ηώς</strong></span> <span class='ocrx_word' id='word_1_73' title='bbox 1271 1242 1406 1278; x_wconf 83' lang='lat' dir='ltr'><strong>autem</strong></span> <span class='ocrx_word' id='word_1_74' title='bbox 1430 1249 1505 1279; x_wconf 84' lang='lat' dir='ltr'><strong>ne-</strong></span> 
     </span>
     <span class='ocr_line' id='line_1_11' title="bbox 82 1297 1504 1362; baseline -0.001 -13.937"><span class='ocrx_word' id='word_1_75' title='bbox 82 1303 179 1362; x_wconf 79' lang='lat' dir='ltr'><strong>ab</strong></span> <span class='ocrx_word' id='word_1_76' title='bbox 210 1298 305 1347; x_wconf 80' lang='grc' dir='ltr'><strong>αύω</strong></span> <span class='ocrx_word' id='word_1_77' title='bbox 334 1301 385 1346; x_wconf 84' lang='grc' dir='ltr'><strong>τὸ</strong></span> <span class='ocrx_word' id='word_1_78' title='bbox 418 1304 553 1360; x_wconf 79' lang='grc' dir='ltr'><em>φωνῶ</em></span> <span class='ocrx_word' id='word_1_79' title='bbox 580 1303 641 1355; x_wconf 88' lang='lat' dir='ltr'><strong>(ut</strong></span> <span class='ocrx_word' id='word_1_80' title='bbox 662 1302 819 1353; x_wconf 81' lang='grc' dir='ltr'><strong><em>κλυτὸς</em></strong></span> <span class='ocrx_word' id='word_1_81' title='bbox 847 1297 1040 1359; x_wconf 73' lang='grc' dir='ltr'><strong><em>ορθρος)</em></strong></span> <span class='ocrx_word' id='word_1_82' title='bbox 1070 1301 1302 1345; x_wconf 86' lang='lat' dir='ltr'><strong>derivatum</strong></span> <span class='ocrx_word' id='word_1_83' title='bbox 1329 1302 1504 1354; x_wconf 82' lang='lat' dir='ltr'><strong>videtur,</strong></span> 
     </span>
    </p>

    <p class='ocr_par' dir='ltr' id='par_1_5' title="bbox 12 1364 1524 2835">
     <span class='ocr_line' id='line_1_12' title="bbox 81 1364 1505 1425; baseline -0.002 -9.14"><span class='ocrx_word' id='word_1_84' title='bbox 81 1384 150 1416; x_wconf 81' lang='lat' dir='ltr'><strong>·ue</strong></span> <span class='ocrx_word' id='word_1_85' title='bbox 187 1370 241 1415; x_wconf 87' lang='lat' dir='ltr'><strong>ab</strong></span> <span class='ocrx_word' id='word_1_86' title='bbox 282 1364 380 1414; x_wconf 79' lang='grc' dir='ltr'><strong>α’ὔω</strong></span> <span class='ocrx_word' id='word_1_87' title='bbox 418 1368 469 1412; x_wconf 86' lang='grc' dir='ltr'><strong>τὸ</strong></span> <span class='ocrx_word' id='word_1_88' title='bbox 507 1365 674 1423; x_wconf 81' lang='grc' dir='ltr'><em>λάμπω</em></span> <span class='ocrx_word' id='word_1_89' title='bbox 714 1367 814 1412; x_wconf 88' lang='lat' dir='ltr'><strong>Sch</strong></span> <span class='ocrx_word' id='word_1_90' title='bbox 849 1366 1024 1425; x_wconf 89' lang='lat' dir='ltr'><strong>Oppian.</strong></span> <span class='ocrx_word' id='word_1_91' title='bbox 1065 1367 1158 1411; x_wconf 89' lang='lat' dir='ltr'><strong>Hal.</strong></span> <span class='ocrx_word' id='word_1_92' title='bbox 1189 1368 1219 1412; x_wconf 91' lang='grc' dir='ltr'><strong>Ι.</strong></span> <span class='ocrx_word' id='word_1_93' title='bbox 1250 1369 1346 1412; x_wconf 88' lang='grc'>154.</span> <span class='ocrx_word' id='word_1_94' title='bbox 1390 1368 1505 1413; x_wconf 89' lang='lat' dir='ltr'><strong>Eust.</strong></span> 
     </span>
     <span class='ocr_line' id='line_1_13' title="bbox 12 1425 1508 1494; baseline -0.001 -12"><span class='ocrx_word' id='word_1_95' title='bbox 12 1425 16 1436; x_wconf 50' lang='lat'><strong>⁴</strong></span> <span class='ocrx_word' id='word_1_96' title='bbox 76 1484 81 1487; x_wconf 61' lang='grc'><strong><em>,</em></strong></span> <span class='ocrx_word' id='word_1_97' title='bbox 101 1437 143 1493; x_wconf 83' lang='grc'><strong>4,</strong></span> <span class='ocrx_word' id='word_1_98' title='bbox 172 1437 246 1482; x_wconf 80' lang='lat'><strong>36.</strong></span> <span class='ocrx_word' id='word_1_99' title='bbox 279 1436 357 1480; x_wconf 82' lang='lat' dir='ltr'><strong>sed</strong></span> <span class='ocrx_word' id='word_1_100' title='bbox 395 1432 499 1480; x_wconf 84' lang='lat' dir='ltr'><strong>ab&#39;</strong></span> <span class='ocrx_word' id='word_1_101' title='bbox 480 1431 547 1479; x_wconf 80' lang='grc' dir='ltr'><strong>οἱω</strong></span> <span class='ocrx_word' id='word_1_102' title='bbox 577 1435 628 1479; x_wconf 84' lang='grc' dir='ltr'><strong>τὸ</strong></span> <span class='ocrx_word' id='word_1_103' title='bbox 661 1436 803 1484; x_wconf 82' lang='grc' dir='ltr'>πνέω,</span> <span class='ocrx_word' id='word_1_104' title='bbox 847 1437 952 1479; x_wconf 87' lang='lat' dir='ltr'><strong>sicut</strong></span> <span class='ocrx_word' id='word_1_105' title='bbox 992 1449 1091 1492; x_wconf 88' lang='lat' dir='ltr'><strong>pars</strong></span> <span class='ocrx_word' id='word_1_106' title='bbox 1125 1438 1260 1480; x_wconf 89' lang='lat' dir='ltr'><strong>noctis</strong></span> <span class='ocrx_word' id='word_1_107' title='bbox 1295 1443 1508 1494; x_wconf 85' lang='lat' dir='ltr'><strong>postrema</strong></span> 
     </span>
     <span class='ocr_line' id='line_1_14' title="bbox 13 1498 1506 1567; baseline -0.003 -16"><span class='ocrx_word' id='word_1_108' title='bbox 13 1560 17 1567; x_wconf 72' lang='lat'><em>.</em></span> <span class='ocrx_word' id='word_1_109' title='bbox 63 1530 80 1559; x_wconf 53' lang='lat' dir='ltr'><strong>:f</strong></span> <span class='ocrx_word' id='word_1_110' title='bbox 100 1521 239 1564; x_wconf 84' lang='grc' dir='ltr'><strong><em>αυρος</em></strong></span> <span class='ocrx_word' id='word_1_111' title='bbox 260 1505 411 1549; x_wconf 84' lang='lat' dir='ltr'><strong>dicitur</strong></span> <span class='ocrx_word' id='word_1_112' title='bbox 429 1502 502 1548; x_wconf 70' lang='grc' dir='ltr'><strong>ὅτι</strong></span> <span class='ocrx_word' id='word_1_113' title='bbox 527 1502 634 1560; x_wconf 82' lang='grc' dir='ltr'><strong><em>περὶ</em></strong></span> <span class='ocrx_word' id='word_1_114' title='bbox 662 1502 737 1547; x_wconf 81' lang='grc' dir='ltr'><strong>τὸν</strong></span> <span class='ocrx_word' id='word_1_115' title='bbox 767 1498 940 1560; x_wconf 67' lang='grc' dir='ltr'><strong><em>ὄρθρον</em></strong></span> <span class='ocrx_word' id='word_1_116' title='bbox 963 1501 1011 1546; x_wconf 77' lang='grc' dir='ltr'><strong>αἱ</strong></span> <span class='ocrx_word' id='word_1_117' title='bbox 1036 1498 1172 1560; x_wconf 79' lang='grc' dir='ltr'><strong>αὖραι</strong></span> <span class='ocrx_word' id='word_1_118' title='bbox 1201 1504 1387 1548; x_wconf 82' lang='grc' dir='ltr'><strong><em>πνέουσι</em></strong></span> <span class='ocrx_word' id='word_1_119' title='bbox 1407 1503 1506 1548; x_wconf 87' lang='lat' dir='ltr'><strong>Sch.</strong></span> 
     </span>
     <span class='ocr_line' id='line_1_15' title="bbox 71 1566 1510 1649; baseline -0.001 -32.94"><span class='ocrx_word' id='word_1_120' title='bbox 71 1567 614 1628; x_wconf 73' lang='grc' dir='ltr'><strong>ι11.Ν.10.θῐἘναύρῳ</strong></span> <span class='ocrx_word' id='word_1_121' title='bbox 644 1569 772 1649; x_wconf 48' lang='grc' dir='ltr'><strong>πριευῖ</strong></span> <span class='ocrx_word' id='word_1_122' title='bbox 792 1569 892 1613; x_wconf 84' lang='lat' dir='ltr'><strong>Hes.</strong></span> <span class='ocrx_word' id='word_1_123' title='bbox 950 1570 1020 1613; x_wconf 86' lang='lat' dir='ltr'><strong>Ad</strong></span> <span class='ocrx_word' id='word_1_124' title='bbox 1047 1566 1141 1613; x_wconf 84' lang='grc' dir='ltr'><strong>αύω</strong></span> <span class='ocrx_word' id='word_1_125' title='bbox 1171 1587 1221 1612; x_wconf 82' lang='grc' dir='ltr'><strong>το</strong></span> <span class='ocrx_word' id='word_1_126' title='bbox 1252 1573 1388 1627; x_wconf 79' lang='grc' dir='ltr'><em>φωνῶ</em></span> <span class='ocrx_word' id='word_1_127' title='bbox 1414 1585 1510 1628; x_wconf 85' lang='lat' dir='ltr'><strong>per·</strong></span> 
     </span>
     <span class='ocr_line' id='line_1_16' title="bbox 36 1631 1513 1697; baseline -0.001 -13.941"><span class='ocrx_word' id='word_1_128' title='bbox 36 1645 119 1688; x_wconf 78' lang='lat' dir='ltr'><strong>et</strong></span> <span class='ocrx_word' id='word_1_129' title='bbox 149 1634 239 1682; x_wconf 76' lang='grc' dir='ltr'><strong>αύα</strong></span> <span class='ocrx_word' id='word_1_130' title='bbox 266 1635 294 1696; x_wconf 81' lang='grc' dir='ltr'><em>ἦ</em></span> <span class='ocrx_word' id='word_1_131' title='bbox 325 1634 451 1697; x_wconf 83' lang='grc' dir='ltr'>φωνή</span> <span class='ocrx_word' id='word_1_132' title='bbox 488 1643 530 1679; x_wconf 88' lang='lat' dir='ltr'><strong>et</strong></span> <span class='ocrx_word' id='word_1_133' title='bbox 557 1631 684 1693; x_wconf 83' lang='grc' dir='ltr'><strong><em>α’βωρ</em></strong></span> <span class='ocrx_word' id='word_1_134' title='bbox 714 1632 741 1693; x_wconf 81' lang='grc' dir='ltr'>ἡ</span> <span class='ocrx_word' id='word_1_135' title='bbox 771 1634 858 1693; x_wconf 79' lang='grc' dir='ltr'><strong>βοή</strong></span> <span class='ocrx_word' id='word_1_136' title='bbox 890 1635 990 1679; x_wconf 89' lang='lat' dir='ltr'><strong>Hes.</strong></span> <span class='ocrx_word' id='word_1_137' title='bbox 1023 1637 1244 1688; x_wconf 83' lang='lat' dir='ltr'><strong>aeolicum,</strong></span> <span class='ocrx_word' id='word_1_138' title='bbox 1278 1643 1323 1680; x_wconf 85' lang='lat' dir='ltr'><strong>ut</strong></span> <span class='ocrx_word' id='word_1_139' title='bbox 1348 1637 1513 1681; x_wconf 85' lang='lat' dir='ltr'><strong>videtur</strong></span> 
     </span>
     <span class='ocr_line' id='line_1_17' title="bbox 60 1701 1513 1763; baseline -0.001 -12.958"><span class='ocrx_word' id='word_1_140' title='bbox 60 1716 144 1751; x_wconf 80' lang='lat' dir='ltr'><strong>ex</strong></span> <span class='ocrx_word' id='word_1_141' title='bbox 170 1711 288 1763; x_wconf 85' lang='lat' dir='ltr'><strong>parte</strong></span> <span class='ocrx_word' id='word_1_142' title='bbox 317 1705 567 1749; x_wconf 86' lang='lat' dir='ltr'><strong>laconicum.</strong></span> <span class='ocrx_word' id='word_1_143' title='bbox 625 1701 739 1746; x_wconf 86' lang='lat' dir='ltr'><strong>Idem</strong></span> <span class='ocrx_word' id='word_1_144' title='bbox 762 1702 882 1746; x_wconf 82' lang='lat' dir='ltr'><strong>affert</strong></span> <span class='ocrx_word' id='word_1_145' title='bbox 908 1701 1010 1760; x_wconf 85' lang='grc' dir='ltr'><strong>Δάη</strong></span> <span class='ocrx_word' id='word_1_146' title='bbox 1041 1701 1067 1762; x_wconf 84' lang='grc' dir='ltr'><em>ἦ</em></span> <span class='ocrx_word' id='word_1_147' title='bbox 1100 1701 1217 1761; x_wconf 82' lang='grc' dir='ltr'><em>μα’χη</em></span> <span class='ocrx_word' id='word_1_148' title='bbox 1249 1703 1513 1748; x_wconf 84' lang='lat' dir='ltr'><strong>obliteratum</strong></span> 
     </span>
     <span class='ocr_line' id='line_1_18' title="bbox 53 1768 1514 1863; baseline -0.001 -45.934"><span class='ocrx_word' id='word_1_149' title='bbox 53 1773 127 1818; x_wconf 89' lang='lat' dir='ltr'><strong>d</strong></span> <span class='ocrx_word' id='word_1_150' title='bbox 156 1771 522 1863; x_wconf 79' lang='lat' dir='ltr'><strong>praevalentibus</strong></span> <span class='ocrx_word' id='word_1_151' title='bbox 536 1772 766 1828; x_wconf 85' lang='lat' dir='ltr'><strong>paragogis</strong></span> <span class='ocrx_word' id='word_1_152' title='bbox 805 1768 906 1822; x_wconf 82' lang='grc' dir='ltr'><strong><em>ὁάϊς</em></strong></span> <span class='ocrx_word' id='word_1_153' title='bbox 940 1777 980 1813; x_wconf 91' lang='lat' dir='ltr'><strong>et</strong></span> <span class='ocrx_word' id='word_1_154' title='bbox 1017 1771 1156 1828; x_wconf 81' lang='grc' dir='ltr'><strong>δῆρις.</strong></span> <span class='ocrx_word' id='word_1_155' title='bbox 1221 1770 1316 1815; x_wconf 84' lang='grc' dir='ltr'><strong>Θέα</strong></span> <span class='ocrx_word' id='word_1_156' title='bbox 1346 1771 1398 1815; x_wconf 82' lang='grc' dir='ltr'><strong>τὸ</strong></span> <span class='ocrx_word' id='word_1_157' title='bbox 1429 1775 1514 1827; x_wconf 85' lang='grc' dir='ltr'><strong>βα-</strong></span> 
     </span>
     <span class='ocr_line' id='line_1_19' title="bbox 106 1834 1512 1896; baseline -0.003 -11.248"><span class='ocrx_word' id='word_1_158' title='bbox 106 1857 207 1887; x_wconf 77' lang='grc' dir='ltr'><strong><em>ονον</em></strong></span> <span class='ocrx_word' id='word_1_159' title='bbox 244 1838 362 1896; x_wconf 80' lang='grc' dir='ltr'><strong><em>ὅπερ</em></strong></span> <span class='ocrx_word' id='word_1_160' title='bbox 400 1837 446 1882; x_wconf 78' lang='grc' dir='ltr'><strong>οἱ</strong></span> <span class='ocrx_word' id='word_1_161' title='bbox 482 1835 782 1896; x_wconf 82' lang='grc' dir='ltr'><strong><em>Συρακούσιοι</em></strong></span> <span class='ocrx_word' id='word_1_162' title='bbox 821 1834 918 1880; x_wconf 76' lang='grc' dir='ltr'><strong>θάα</strong></span> <span class='ocrx_word' id='word_1_163' title='bbox 958 1837 1135 1892; x_wconf 80' lang='grc' dir='ltr'><strong>λέγουσι</strong></span> <span class='ocrx_word' id='word_1_164' title='bbox 1173 1836 1430 1894; x_wconf 82' lang='lat' dir='ltr'><strong>Theognost.</strong></span> <span class='ocrx_word' id='word_1_165' title='bbox 1462 1838 1512 1881; x_wconf 92' lang='lat' dir='ltr'><strong>II.</strong></span> 
     </span>
     <span class='ocr_line' id='line_1_20' title="bbox 52 1901 1516 1963; baseline 0 -13"><span class='ocrx_word' id='word_1_166' title='bbox 52 1906 101 1956; x_wconf 54' lang='lat'><strong>&#39;1¹2</strong></span> <span class='ocrx_word' id='word_1_167' title='bbox 146 1907 215 1950; x_wconf 88' lang='grc'><strong>21.</strong></span> <span class='ocrx_word' id='word_1_168' title='bbox 249 1907 358 1950; x_wconf 86' lang='lat' dir='ltr'><strong>unde</strong></span> <span class='ocrx_word' id='word_1_169' title='bbox 397 1905 549 1963; x_wconf 82' lang='lat' dir='ltr'><strong>duplex</strong></span> <span class='ocrx_word' id='word_1_170' title='bbox 585 1904 863 1948; x_wconf 85' lang='lat' dir='ltr'><strong>derivatorum</strong></span> <span class='ocrx_word' id='word_1_171' title='bbox 902 1902 1034 1947; x_wconf 87' lang='lat' dir='ltr'><strong>flexus</strong></span> <span class='ocrx_word' id='word_1_172' title='bbox 1065 1901 1266 1959; x_wconf 73' lang='grc' dir='ltr'><strong>θεάομαι</strong></span> <span class='ocrx_word' id='word_1_173' title='bbox 1306 1912 1346 1948; x_wconf 90' lang='lat' dir='ltr'><strong>et</strong></span> <span class='ocrx_word' id='word_1_174' title='bbox 1374 1906 1516 1951; x_wconf 74' lang='grc' dir='ltr'><strong><em>θαέο-</em></strong></span> 
     </span>
     <span class='ocr_line' id='line_1_21' title="bbox 69 1970 1514 2032; baseline -0.001 -14"><span class='ocrx_word' id='word_1_175' title='bbox 69 1991 119 2019; x_wconf 86' lang='grc' dir='ltr'><strong>·ι.</strong></span> <span class='ocrx_word' id='word_1_176' title='bbox 186 1973 274 2018; x_wconf 87' lang='lat' dir='ltr'><strong>Sed</strong></span> <span class='ocrx_word' id='word_1_177' title='bbox 305 1971 436 2026; x_wconf 84' lang='grc' dir='ltr'><strong><em>Ῥάας</em></strong></span> <span class='ocrx_word' id='word_1_178' title='bbox 479 1971 678 2032; x_wconf 76' lang='grc' dir='ltr'><strong><em>ῥεύματα</em></strong></span> <span class='ocrx_word' id='word_1_179' title='bbox 711 1970 810 2014; x_wconf 89' lang='lat' dir='ltr'><strong>Hes.</strong></span> <span class='ocrx_word' id='word_1_180' title='bbox 855 1974 1132 2028; x_wconf 89' lang='lat' dir='ltr'><strong>suspiciosum</strong></span> <span class='ocrx_word' id='word_1_181' title='bbox 1173 1972 1276 2015; x_wconf 83' lang='lat' dir='ltr'><strong>facit</strong></span> <span class='ocrx_word' id='word_1_182' title='bbox 1316 1972 1514 2029; x_wconf 84' lang='lat' dir='ltr'><strong>enallage</strong></span> 
     </span>
     <span class='ocr_line' id='line_1_22' title="bbox 65 2037 1516 2100; baseline -0.001 -15"><span class='ocrx_word' id='word_1_183' title='bbox 65 2063 119 2094; x_wconf 63' lang='lat'><strong>¹..</strong></span> <span class='ocrx_word' id='word_1_184' title='bbox 150 2043 211 2094; x_wconf 85' lang='lat' dir='ltr'><strong>is,</strong></span> <span class='ocrx_word' id='word_1_185' title='bbox 256 2054 340 2100; x_wconf 87' lang='lat' dir='ltr'><strong>qua</strong></span> <span class='ocrx_word' id='word_1_186' title='bbox 375 2039 534 2084; x_wconf 85' lang='lat' dir='ltr'><strong>nullum</strong></span> <span class='ocrx_word' id='word_1_187' title='bbox 575 2037 694 2082; x_wconf 86' lang='lat' dir='ltr'><strong>verbi</strong></span> <span class='ocrx_word' id='word_1_188' title='bbox 738 2037 826 2096; x_wconf 81' lang='grc' dir='ltr'><strong>ῥέω</strong></span> <span class='ocrx_word' id='word_1_189' title='bbox 868 2039 1207 2083; x_wconf 85' lang='lat' dir='ltr'><strong>inclinamentum</strong></span> <span class='ocrx_word' id='word_1_190' title='bbox 1251 2041 1516 2096; x_wconf 83' lang='lat' dir='ltr'><strong>contingitur.</strong></span> 
     </span>
     <span class='ocr_line' id='line_1_23' title="bbox 57 2105 1516 2168; baseline -0.002 -15"><span class='ocrx_word' id='word_1_191' title='bbox 57 2128 77 2168; x_wconf 54' lang='lat' dir='ltr'><strong><em>s</em></strong></span> <span class='ocrx_word' id='word_1_192' title='bbox 102 2129 118 2147; x_wconf 73' lang='grc' dir='ltr'><strong>ιι</strong></span> <span class='ocrx_word' id='word_1_193' title='bbox 167 2107 293 2163; x_wconf 82' lang='grc' dir='ltr'><em>μνάω</em></span> <span class='ocrx_word' id='word_1_194' title='bbox 325 2120 555 2152; x_wconf 86' lang='lat' dir='ltr'><strong>connexum</strong></span> <span class='ocrx_word' id='word_1_195' title='bbox 594 2111 659 2149; x_wconf 91' lang='lat' dir='ltr'><strong>est</strong></span> <span class='ocrx_word' id='word_1_196' title='bbox 692 2105 804 2160; x_wconf 81' lang='grc' dir='ltr'><em>μνέα</em></span> <span class='ocrx_word' id='word_1_197' title='bbox 847 2106 936 2149; x_wconf 88' lang='lat' dir='ltr'><strong>sive</strong></span> <span class='ocrx_word' id='word_1_198' title='bbox 966 2105 1096 2160; x_wconf 82' lang='grc' dir='ltr'><strong><em>μνεία</em></strong></span> <span class='ocrx_word' id='word_1_199' title='bbox 1136 2106 1189 2150; x_wconf 85' lang='lat' dir='ltr'><strong>cf.</strong></span> <span class='ocrx_word' id='word_1_200' title='bbox 1219 2105 1416 2162; x_wconf 84' lang='lat' dir='ltr'><strong>Prolegg.</strong></span> <span class='ocrx_word' id='word_1_201' title='bbox 1447 2106 1516 2150; x_wconf 81' lang='lat'><strong>45.</strong></span> 
     </span>
     <span class='ocr_line' id='line_1_24' title="bbox 65 2172 1519 2231; baseline -0.002 -10.006"><span class='ocrx_word' id='word_1_202' title='bbox 65 2196 108 2215; x_wconf 61' lang='grc' dir='ltr'><strong>’.ω</strong></span> <span class='ocrx_word' id='word_1_203' title='bbox 149 2175 341 2221; x_wconf 87' lang='lat' dir='ltr'><strong>obsoleto</strong></span> <span class='ocrx_word' id='word_1_204' title='bbox 374 2172 491 2231; x_wconf 77' lang='grc' dir='ltr'><strong><em>γάω,</em></strong></span> <span class='ocrx_word' id='word_1_205' title='bbox 521 2174 637 2229; x_wconf 79' lang='lat' dir='ltr'><strong>quus</strong></span> <span class='ocrx_word' id='word_1_206' title='bbox 668 2172 845 2216; x_wconf 85' lang='lat' dir='ltr'><strong>formam</strong></span> <span class='ocrx_word' id='word_1_207' title='bbox 872 2180 1161 2230; x_wconf 88' lang='lat' dir='ltr'><strong>repraesentat</strong></span> <span class='ocrx_word' id='word_1_208' title='bbox 1189 2173 1417 2230; x_wconf 84' lang='lat' dir='ltr'><strong>perfectum</strong></span> <span class='ocrx_word' id='word_1_209' title='bbox 1447 2191 1519 2230; x_wconf 82' lang='grc' dir='ltr'><strong>γε-</strong></span> 
     </span>
     <span class='ocr_line' id='line_1_25' title="bbox 35 2238 1518 2298; baseline -0.001 -12"><span class='ocrx_word' id='word_1_210' title='bbox 35 2241 187 2298; x_wconf 62' lang='lat' dir='ltr'><strong>&#39;pum</strong></span> <span class='ocrx_word' id='word_1_211' title='bbox 224 2255 375 2285; x_wconf 85' lang='lat' dir='ltr'><strong>nomen</strong></span> <span class='ocrx_word' id='word_1_212' title='bbox 410 2241 490 2296; x_wconf 77' lang='grc' dir='ltr'><strong>γέα</strong></span> <span class='ocrx_word' id='word_1_213' title='bbox 531 2242 620 2283; x_wconf 90' lang='lat' dir='ltr'><strong>sive</strong></span> <span class='ocrx_word' id='word_1_214' title='bbox 657 2239 732 2294; x_wconf 76' lang='grc' dir='ltr'><em>γε’-η</em></span> <span class='ocrx_word' id='word_1_215' title='bbox 773 2239 825 2281; x_wconf 87' lang='lat' dir='ltr'><strong>ab</strong></span> <span class='ocrx_word' id='word_1_216' title='bbox 856 2238 1067 2295; x_wconf 88' lang='lat' dir='ltr'><strong>Hesychio</strong></span> <span class='ocrx_word' id='word_1_217' title='bbox 1110 2247 1396 2284; x_wconf 86' lang='lat' dir='ltr'><strong>contestatum.</strong></span> <span class='ocrx_word' id='word_1_218' title='bbox 1456 2240 1518 2285; x_wconf 90' lang='lat' dir='ltr'><strong>De</strong></span> 
     </span>
     <span class='ocr_line' id='line_1_26' title="bbox 56 2305 1520 2363; baseline -0.002 -10"><span class='ocrx_word' id='word_1_219' title='bbox 56 2310 216 2353; x_wconf 86' lang='lat' dir='ltr'><strong>nitivo</strong></span> <span class='ocrx_word' id='word_1_220' title='bbox 247 2307 443 2352; x_wconf 77' lang='lat' dir='ltr'><strong>defectivi</strong></span> <span class='ocrx_word' id='word_1_221' title='bbox 481 2305 597 2350; x_wconf 79' lang='grc' dir='ltr'><em>ἑάων</em></span> <span class='ocrx_word' id='word_1_222' title='bbox 624 2313 764 2348; x_wconf 84' lang='lat' dir='ltr'><strong>notum</strong></span> <span class='ocrx_word' id='word_1_223' title='bbox 804 2313 867 2349; x_wconf 91' lang='lat' dir='ltr'><strong>est</strong></span> <span class='ocrx_word' id='word_1_224' title='bbox 897 2314 1053 2363; x_wconf 88' lang='lat' dir='ltr'><strong>quanta</strong></span> <span class='ocrx_word' id='word_1_225' title='bbox 1087 2308 1325 2363; x_wconf 87' lang='lat' dir='ltr'><strong>opinionum</strong></span> <span class='ocrx_word' id='word_1_226' title='bbox 1356 2308 1520 2351; x_wconf 87' lang='lat' dir='ltr'><strong>dissen-</strong></span> 
     </span>
     <span class='ocr_line' id='line_1_27' title="bbox 53 2371 1520 2429; baseline -0.002 -8"><span class='ocrx_word' id='word_1_227' title='bbox 53 2380 152 2423; x_wconf 87' lang='lat' dir='ltr'><strong>one</strong></span> <span class='ocrx_word' id='word_1_228' title='bbox 181 2381 381 2419; x_wconf 86' lang='lat' dir='ltr'><strong>certatum</strong></span> <span class='ocrx_word' id='word_1_229' title='bbox 411 2376 487 2425; x_wconf 81' lang='lat' dir='ltr'><strong>sit3</strong></span> <span class='ocrx_word' id='word_1_230' title='bbox 517 2373 558 2416; x_wconf 92' lang='lat' dir='ltr'><strong>id</strong></span> <span class='ocrx_word' id='word_1_231' title='bbox 580 2371 859 2427; x_wconf 81' lang='lat' dir='ltr'><strong>Goettlingius</strong></span> <span class='ocrx_word' id='word_1_232' title='bbox 885 2373 939 2416; x_wconf 85' lang='lat' dir='ltr'><strong>ad</strong></span> <span class='ocrx_word' id='word_1_233' title='bbox 959 2372 1121 2429; x_wconf 85' lang='lat' dir='ltr'><strong>Theog.</strong></span> <span class='ocrx_word' id='word_1_234' title='bbox 1138 2373 1236 2416; x_wconf 85' lang='grc'><strong>664.</strong></span> <span class='ocrx_word' id='word_1_235' title='bbox 1263 2376 1520 2419; x_wconf 86' lang='lat' dir='ltr'><strong>nominativo</strong></span> 
     </span>
     <span class='ocr_line' id='line_1_28' title="bbox 75 2439 1523 2498; baseline -0.001 -10.946"><span class='ocrx_word' id='word_1_236' title='bbox 75 2442 280 2498; x_wconf 72' lang='lat' dir='ltr'><strong>subjicit</strong></span> <span class='ocrx_word' id='word_1_237' title='bbox 310 2453 486 2498; x_wconf 87' lang='lat' dir='ltr'><strong>eamque</strong></span> <span class='ocrx_word' id='word_1_238' title='bbox 517 2452 664 2483; x_wconf 88' lang='lat' dir='ltr'><strong>vocem</strong></span> <span class='ocrx_word' id='word_1_239' title='bbox 695 2452 720 2482; x_wconf 86' lang='lat' dir='ltr'><strong>a</strong></span> <span class='ocrx_word' id='word_1_240' title='bbox 749 2439 880 2483; x_wconf 84' lang='lat' dir='ltr'><strong>verbo</strong></span> <span class='ocrx_word' id='word_1_241' title='bbox 916 2439 1176 2484; x_wconf 86' lang='lat' dir='ltr'><strong>substantivo</strong></span> <span class='ocrx_word' id='word_1_242' title='bbox 1207 2441 1370 2485; x_wconf 84' lang='lat' dir='ltr'><strong>ductam</strong></span> <span class='ocrx_word' id='word_1_243' title='bbox 1402 2455 1523 2485; x_wconf 83' lang='lat' dir='ltr'><strong>omne</strong></span> 
     </span>
     <span class='ocr_line' id='line_1_29' title="bbox 101 2506 1522 2564; baseline 0 -12"><span class='ocrx_word' id='word_1_244' title='bbox 101 2528 134 2547; x_wconf 75' lang='grc' dir='ltr'><strong>ιι</strong></span> <span class='ocrx_word' id='word_1_245' title='bbox 176 2517 236 2553; x_wconf 79' lang='lat' dir='ltr'><strong>est</strong></span> <span class='ocrx_word' id='word_1_246' title='bbox 263 2511 311 2552; x_wconf 81' lang='lat' dir='ltr'><strong>in</strong></span> <span class='ocrx_word' id='word_1_247' title='bbox 336 2521 481 2551; x_wconf 80' lang='lat' dir='ltr'><strong>rerum</strong></span> <span class='ocrx_word' id='word_1_248' title='bbox 507 2514 668 2550; x_wconf 81' lang='lat' dir='ltr'><strong>natura</strong></span> <span class='ocrx_word' id='word_1_249' title='bbox 700 2506 939 2562; x_wconf 84' lang='lat' dir='ltr'><strong>significare</strong></span> <span class='ocrx_word' id='word_1_250' title='bbox 980 2509 1140 2559; x_wconf 80' lang='lat' dir='ltr'><strong>statuit3</strong></span> <span class='ocrx_word' id='word_1_251' title='bbox 1179 2508 1290 2564; x_wconf 89' lang='lat' dir='ltr'><strong>quod</strong></span> <span class='ocrx_word' id='word_1_252' title='bbox 1320 2511 1357 2551; x_wconf 91' lang='lat' dir='ltr'><strong>si</strong></span> <span class='ocrx_word' id='word_1_253' title='bbox 1386 2511 1445 2552; x_wconf 89' lang='lat' dir='ltr'><strong>ita</strong></span> <span class='ocrx_word' id='word_1_254' title='bbox 1475 2522 1522 2552; x_wconf 92' lang='lat' dir='ltr'><strong>se</strong></span> 
     </span>
     <span class='ocr_line' id='line_1_30' title="bbox 62 2570 1524 2633; baseline -0.002 -12"><span class='ocrx_word' id='word_1_255' title='bbox 62 2588 68 2595; x_wconf 87' lang='grc'><em>’</em></span> <span class='ocrx_word' id='word_1_256' title='bbox 76 2579 181 2629; x_wconf 88' lang='lat' dir='ltr'><strong>et,</strong></span> <span class='ocrx_word' id='word_1_257' title='bbox 227 2573 278 2633; x_wconf 88' lang='grc' dir='ltr'><strong>εἠ</strong></span> <span class='ocrx_word' id='word_1_258' title='bbox 319 2575 430 2619; x_wconf 90' lang='lat' dir='ltr'><strong>idem</strong></span> <span class='ocrx_word' id='word_1_259' title='bbox 469 2574 584 2619; x_wconf 85' lang='lat' dir='ltr'><strong>valet</strong></span> <span class='ocrx_word' id='word_1_260' title='bbox 622 2573 729 2631; x_wconf 91' lang='lat' dir='ltr'><strong>quod</strong></span> <span class='ocrx_word' id='word_1_261' title='bbox 770 2571 919 2623; x_wconf 81' lang='grc' dir='ltr'><strong><em>οὐσία,</em></strong></span> <span class='ocrx_word' id='word_1_262' title='bbox 955 2572 1010 2618; x_wconf 80' lang='grc' dir='ltr'><strong>τὰ</strong></span> <span class='ocrx_word' id='word_1_263' title='bbox 1048 2570 1169 2619; x_wconf 70' lang='grc' dir='ltr'><strong><em>ὄντα.</em></strong></span> <span class='ocrx_word' id='word_1_264' title='bbox 1235 2573 1524 2631; x_wconf 86' lang='lat' dir='ltr'><strong>Trisyllabum</strong></span> 
     </span>
     <span class='ocr_line' id='line_1_31' title="bbox 102 2637 1524 2701; baseline -0.001 -12.977"><span class='ocrx_word' id='word_1_265' title='bbox 102 2657 158 2688; x_wconf 88' lang='lat' dir='ltr'><strong>m</strong></span> <span class='ocrx_word' id='word_1_266' title='bbox 193 2650 258 2687; x_wconf 85' lang='lat' dir='ltr'><strong>est</strong></span> <span class='ocrx_word' id='word_1_267' title='bbox 296 2639 405 2700; x_wconf 77' lang='grc' dir='ltr'><strong><em>ἀλέη</em></strong></span> <span class='ocrx_word' id='word_1_268' title='bbox 439 2639 466 2701; x_wconf 81' lang='grc' dir='ltr'><em>ἡ</em></span> <span class='ocrx_word' id='word_1_269' title='bbox 508 2639 703 2692; x_wconf 72' lang='grc' dir='ltr'><strong>ἔκκλισις</strong></span> <span class='ocrx_word' id='word_1_270' title='bbox 742 2640 794 2683; x_wconf 83' lang='lat' dir='ltr'><strong>ab</strong></span> <span class='ocrx_word' id='word_1_271' title='bbox 837 2637 1026 2694; x_wconf 80' lang='grc' dir='ltr'><strong>ἂλέομαι</strong></span> <span class='ocrx_word' id='word_1_272' title='bbox 1061 2641 1129 2684; x_wconf 89' lang='lat' dir='ltr'><strong>vel</strong></span> <span class='ocrx_word' id='word_1_273' title='bbox 1168 2637 1387 2696; x_wconf 79' lang='grc' dir='ltr'><strong>ἀλεύομαι</strong></span> <span class='ocrx_word' id='word_1_274' title='bbox 1425 2642 1524 2686; x_wconf 90' lang='lat' dir='ltr'><strong>sub-</strong></span> 
     </span>
     <span class='ocr_line' id='line_1_32' title="bbox 86 2704 1524 2767; baseline -0.001 -12"><span class='ocrx_word' id='word_1_275' title='bbox 86 2718 172 2755; x_wconf 83' lang='lat' dir='ltr'><strong>cta</strong></span> <span class='ocrx_word' id='word_1_276' title='bbox 212 2708 353 2754; x_wconf 90' lang='lat' dir='ltr'><strong>vocali</strong></span> <span class='ocrx_word' id='word_1_277' title='bbox 397 2710 583 2752; x_wconf 85' lang='lat' dir='ltr'><strong>insiticia</strong></span> <span class='ocrx_word' id='word_1_278' title='bbox 618 2715 660 2751; x_wconf 90' lang='lat' dir='ltr'><strong>ut</strong></span> <span class='ocrx_word' id='word_1_279' title='bbox 700 2704 813 2764; x_wconf 76' lang='grc' dir='ltr'><strong><em>ἀκοή</em></strong></span> <span class='ocrx_word' id='word_1_280' title='bbox 847 2706 895 2751; x_wconf 80' lang='grc' dir='ltr'><strong>ἐκ</strong></span> <span class='ocrx_word' id='word_1_281' title='bbox 935 2710 1016 2751; x_wconf 83' lang='grc' dir='ltr'><strong>τοῦ</strong></span> <span class='ocrx_word' id='word_1_282' title='bbox 1050 2704 1200 2752; x_wconf 78' lang='grc' dir='ltr'><strong><em>ἀκούω</em></strong></span> <span class='ocrx_word' id='word_1_283' title='bbox 1238 2710 1332 2753; x_wconf 88' lang='lat' dir='ltr'><strong>Arc.</strong></span> <span class='ocrx_word' id='word_1_284' title='bbox 1359 2724 1397 2767; x_wconf 88' lang='lat' dir='ltr'><strong>p.</strong></span> <span class='ocrx_word' id='word_1_285' title='bbox 1430 2710 1524 2753; x_wconf 85' lang='lat'>103.</span> 
     </span>
     <span class='ocr_line' id='line_1_33' title="bbox 57 2772 1524 2835; baseline -0.001 -13"><span class='ocrx_word' id='word_1_286' title='bbox 57 2777 126 2822; x_wconf 86' lang='lat' dir='ltr'><strong>ed</strong></span> <span class='ocrx_word' id='word_1_287' title='bbox 154 2777 195 2822; x_wconf 83' lang='lat' dir='ltr'><strong>fit</strong></span> <span class='ocrx_word' id='word_1_288' title='bbox 225 2778 350 2820; x_wconf 84' lang='lat' dir='ltr'><strong>etiam</strong></span> <span class='ocrx_word' id='word_1_289' title='bbox 374 2783 416 2819; x_wconf 90' lang='lat' dir='ltr'><strong>ut</strong></span> <span class='ocrx_word' id='word_1_290' title='bbox 443 2777 529 2819; x_wconf 87' lang='lat' dir='ltr'><strong>iota</strong></span> <span class='ocrx_word' id='word_1_291' title='bbox 555 2777 813 2819; x_wconf 81' lang='lat' dir='ltr'><strong>extrinsecus</strong></span> <span class='ocrx_word' id='word_1_292' title='bbox 835 2774 1023 2824; x_wconf 83' lang='lat' dir='ltr'><strong>addatur,</strong></span> <span class='ocrx_word' id='word_1_293' title='bbox 1054 2772 1147 2830; x_wconf 79' lang='grc' dir='ltr'><strong>γάω</strong></span> <span class='ocrx_word' id='word_1_294' title='bbox 1170 2778 1276 2830; x_wconf 79' lang='grc' dir='ltr'><strong><em>γαῖα</em></strong></span> <span class='ocrx_word' id='word_1_295' title='bbox 1295 2775 1390 2820; x_wconf 91' lang='grc' dir='ltr'><strong>ΕΜ.</strong></span> <span class='ocrx_word' id='word_1_296' title='bbox 1416 2791 1524 2835; x_wconf 86' lang='lat' dir='ltr'><strong>quae</strong></span> 
     </span>
    </p>
   </div>
  </div>
 </body>
</html>
