1728 3120
537 193 610 238 DE
639 192 881 238 VOGABB.
904 192 1067 238 SENS.
1444 195 1539 245 351

44 299 237 358 stolon-ata
267 313 439 366 repente
478 309 524 352 in
552 307 920 366 reprehensionem
945 308 1216 351 incurrerent.
1276 305 1351 351 Sic
1380 308 1547 355 Aristo-

43 376 219 437 ssphanes
246 374 353 421 Ach.
371 375 469 419 551.
499 377 783 433 intertrigines
814 389 1020 427 manuum,
1054 388 1161 432 quae
1191 374 1548 434 παρατρίμματα

47 452 100 494 ot,
127 442 257 490 τύλοι
282 445 430 490 vocari
461 442 619 495 solent,
655 458 741 487 non
779 444 980 487 dubitavit
1010 439 1201 487 ὑπώπια
1234 443 1374 487 dicere
1403 447 1547 502 primi-

48 514 140 558 nivo
170 507 293 564 ὦπες
323 513 414 568 Jam
454 511 615 568 pridem
651 513 694 554 in
737 511 991 555 oblivionem
1032 511 1209 555 adducto
1238 525 1277 555 v.
1310 513 1365 556 ad
1393 513 1546 571 Pbryn.

22 571 155 627 ῖΔὸΙ.
213 578 304 623 Sed
337 579 583 624 Athenaeus
622 586 767 623 narrat
796 578 866 622 III.
896 580 964 623 97.
991 578 1034 622 F.
1078 592 1202 636 quum
1245 579 1398 637 aliquis
1441 583 1546 640 pede

22 629 220 695 &offenso
260 659 308 692 se
344 643 557 691 ὑπώπιον
598 646 755 690 habere
796 648 971 691 dixisset
1009 661 1083 704 pro
1126 646 1418 704 πρόςκομμα,
1462 664 1547 695 non

21 742 25 754 ι
22 715 311 761 mediocrem
346 715 476 759 risum
520 722 819 772 consequutum
857 728 977 766 esse,
1021 716 1170 772 quippe
1215 717 1315 772 quia
1353 712 1549 772 τοῦνομα

23 784 189 841 <dulei
217 781 290 827 ότι
318 778 409 826 ὑπὸ
438 782 544 832 τοὺς
574 777 702 833 ὦπας
730 782 878 838 γέγονε
895 781 1044 825 Galen.
1076 782 1127 825 de
1147 781 1288 840 Comp.
1312 797 1397 827 sec.
1420 783 1549 830 Locc.

20 883 22 886 -
47 846 104 899 Υ.
122 850 163 902 1,
187 848 290 894 804.
320 848 372 892 Τ.
392 847 487 892 XII.
546 847 621 892 His
654 850 818 893 accedit
846 849 951 893 illud
981 850 1255 906 acyrologiae
1285 864 1419 907 genus
1437 854 1549 910 quod

53 931 108 966 ox
133 918 315 962 mixtura
349 918 579 973 imaginum
618 918 770 961 existit.
828 916 946 961 Dura
976 925 1062 969 est,
1096 920 1133 961 si
1162 925 1348 962 nostrum
1379 933 1548 964 sensum

20 1028 21 1033 ,
55 984 338 1036 consulimus,
391 983 606 1042 duplicata
647 983 892 1042 metaphora
932 983 1030 1027 Eur.
1067 984 1182 1028 Med.
1220 985 1317 1029 188.
1361 985 1551 1044 Μήδεια

56 1049 398 1111 ἀποταυροῢται
447 1051 616 1109 δέργμα
659 1050 854 1108 λεαίνης,
905 1053 1006 1108 quia
1051 1065 1136 1095 non
1179 1065 1231 1095 ex
1287 1066 1369 1110 quo
1414 1056 1551 1111 coepit

20 1134 21 1138 ¹
39 1130 238 1177 genere,
278 1118 359 1164 hoc
399 1118 573 1169 desinit;
613 1118 723 1175 quod
761 1125 801 1161 et
838 1125 1004 1162 veteres
1035 1119 1202 1162 dicendi
1239 1122 1430 1176 magistri
1460 1121 1551 1165 fieri

16 1209 20 1211 >
40 1190 199 1235 vetant
232 1191 275 1230 et
309 1187 456 1230 nostri.
513 1185 786 1229 Horatianum
823 1187 932 1230 male
973 1194 1165 1230 tornatos
1199 1189 1344 1231 incudi
1380 1191 1551 1233 reddere

56 1266 204 1302 versus
240 1259 382 1298 notum
420 1259 484 1297 est
527 1259 683 1310 quanta
719 1255 762 1297 vi
801 1253 1016 1309 BentleJus
1056 1257 1332 1299 exterminare
1376 1265 1551 1301 conatus

57 1323 136 1374 sit3
175 1320 251 1366 alii
293 1320 582 1377 negligentiae
616 1321 856 1365 incustoditi
895 1324 1101 1366 sermonis
1139 1327 1371 1379 assignant.
1427 1324 1551 1369 Haud

58 1389 289 1434 modestius
327 1395 392 1432 est
420 1387 532 1445 quod
569 1390 614 1431 in
642 1389 790 1432 eadem
820 1387 1030 1447 Euripidis
1061 1390 1209 1434 fabula
1234 1391 1389 1447 legitur
1416 1391 1552 1450 νέφος

60 1453 261 1514 οἰμωγῆς
300 1452 537 1507 ἀνάπτειν,
577 1456 656 1500 sed
698 1464 837 1500 tamen
877 1459 976 1514 quia
1014 1464 1055 1501 et
1092 1472 1243 1502 nomen
1279 1460 1475 1517 illud36)
1512 1468 1553 1506 et

14 1541 32 1555 ν
58 1522 230 1569 verbum
262 1536 289 1566 a
316 1524 487 1581 proprio
514 1523 728 1567 intellectu
758 1525 998 1581 frequenter
1022 1526 1290 1579 transfertur,
1322 1529 1457 1571 minus
1488 1529 1554 1572 os-

60 1590 268 1635 sensionis
297 1589 425 1634 babet
445 1604 568 1648 quam
598 1591 676 1634 illa
703 1594 811 1635 tauri
832 1599 874 1636 et
899 1593 1078 1636 leaenae
1110 1595 1153 1636 in
1183 1607 1307 1637 unam
1326 1597 1552 1652 imaginem

60 1657 291 1702 conclusio.
348 1657 503 1701 Verum
522 1665 565 1702 ut
594 1658 704 1702 hanc
725 1659 1010 1703 similitudinis
1030 1661 1400 1714 inobservantiam,
1434 1665 1551 1720 quus

60 1725 179 1770 multi
210 1731 251 1770 et
279 1739 364 1769 non
395 1726 686 1770 contemnendi
717 1734 910 1771 auctores
942 1729 1061 1784 argui
1092 1736 1287 1786 possunt,
1319 1733 1446 1774 certis
1477 1732 1551 1775 de-

58 1793 203 1838 finiam
241 1793 510 1850 regionibus,
546 1807 656 1838 nunc
696 1808 723 1837 a
761 1808 827 1837 me
862 1795 1066 1852 postulari
1106 1810 1189 1840 non
1228 1804 1338 1854 puto.
1405 1797 1550 1856 Neque

62 1861 324 1905 desiderabit
347 1862 566 1918 quisquam
597 1864 907 1906 enarrationem
925 1864 1225 1908 vocabulorum
1253 1865 1551 1922 copulatorum,

61 1941 234 1986 quorum
263 1941 363 1986 pars
385 1927 521 1971 altera
549 1928 670 1972 alteri
700 1937 916 1987 repugnat,
949 1945 1029 1988 quo
1053 1945 1105 1975 ex
1136 1945 1293 1988 genere
1312 1940 1406 1976 sunt
1434 1933 1552 1979 theo-

60 1995 254 2052 logorum
273 2002 465 2054 portenta
494 1991 828 2055 ἆνθρωπόθεος
848 1997 977 2050 (θεὸς
1002 1997 1166 2055 βροτός
1184 1998 1371 2044 Maneth.
1389 2000 1419 2043 1.
1436 2002 1555 2055 280.)

61 2070 102 2107 et
129 2060 526 2121 μητροπάρθενος,
557 2064 768 2120 triangulo
802 2065 1028 2122 quadrato,
1058 2067 1168 2123 quod
1199 2068 1242 2109 in
1273 2067 1431 2112 scholis
1463 2070 1555 2113 dia-

60 2130 304 2175 lecticorum
333 2132 588 2188 proponitur,
617 2130 730 2174 haud
761 2132 997 2176 dissimilia.
1055 2132 1209 2177 Verum
1247 2136 1373 2178 etiam
1404 2143 1556 2181 natura

61 2199 158 2256 ipsa
192 2210 320 2255 saepe
364 2200 577 2242 contraria
616 2200 838 2243 contrariis
884 2202 1033 2244 miscet
1075 2199 1354 2259 γλυκύπικρα
1399 2204 1555 2256 (dulcis

8 2292 10 2294 v
63 2267 279 2310 amarities
309 2264 460 2308 Catuli.
489 2263 703 2308 LXXVII.
736 2266 822 2320 19.)
852 2266 1173 2325 μεγαλόμικρα,
1209 2266 1554 2326 ὑψηλοτάπεινα

59 2346 100 2379 v.
127 2331 285 2376 Parall.
315 2331 412 2375 368.
453 2330 708 2391 μωρόσοφα
748 2341 788 2377 et
828 2331 1058 2392 ὀξύμωρα,
1104 2348 1211 2392 quae
1255 2336 1417 2380 artificii
1457 2338 1554 2382 loco

6 2452 9 2456 .
63 2399 342 2444 celebrantur.
398 2397 544 2443 Ebeno
577 2407 669 2457 apte
702 2400 894 2444 tribuitur
926 2404 1078 2457 niqror
1115 2405 1356 2457 splendidus
1387 2412 1427 2448 et
1457 2420 1555 2449 san-

61 2468 159 2523 guis
189 2479 338 2511 recens
358 2466 515 2510 effusus
539 2474 714 2511 vocatur
735 2468 902 2522 νασμὸς
930 2469 1209 2528 μελαναυγής
1226 2469 1366 2529 Eurip.
1396 2472 1557 2517 lumen-

0 2585 9 2591 Η
64 2547 158 2592 que,
190 2534 301 2591 quod
320 2547 372 2577 ex
387 2533 528 2578 Horae
555 2534 751 2579 hiemalis
772 2536 883 2579 facie
907 2537 1081 2588 renidet,
1114 2539 1398 2597 κελαινεφέος
1424 2542 1557 2594 σέλας

0 2602 1 2638 i
65 2598 222 2660 αἴγλης
251 2600 386 2646 Nonn.
405 2599 594 2646 XI-4S9.
624 2606 759 2647 noctis
792 2603 939 2648 umbra
968 2604 1190 2649 sublustris
1222 2601 1367 2665 ὄρφνη
1396 2609 1558 2662 μελαν-

4 2687 8 2691 .
65 2666 204 2726 αυγής
224 2666 350 2727 Orph.
409 2667 593 2728 Δνόφος
621 2668 948 2729 νυκτιλαμπής,
986 2673 1095 2729 quod
1131 2672 1473 2721 Schneidewinus
1503 2678 1557 2721 ad

157 2813 218 2860 36)
245 2817 373 2863 Νέφος
397 2812 499 2862 γόων
523 2816 614 2852 dixit
637 2816 681 2854 P.
710 2817 839 2854 Silent.
865 2818 972 2854 Anth.
999 2818 1080 2855 Vll.
1105 2817 1184 2855 604.
