1728 3120
235 175 331 222 112
450 143 453 146 ’
689 168 1137 215 υιεεΕΒΤΑτιο
1180 171 1227 214 v.

231 301 269 343 p.
286 285 408 336 1306,
431 285 497 326 12.
529 283 638 340 quod
656 281 863 338 Hesychio
892 282 1052 326 reddidi
1072 297 1144 340 pro
1165 285 1326 330 Κεκλεῖ
1355 284 1522 332 κελεύει
1533 285 1657 336 Para}

228 353 323 397 557.
355 352 406 395 cf.
436 350 548 393 Diss.
574 349 603 392 Ι.
634 348 668 403 §.
686 350 726 392 3.
755 356 794 392 et
821 349 942 404 μέλω
967 347 1068 394 κατ’
1101 347 1511 408 ἆναδιπλασιασμὸν
1536 355 1686 410 μέμλιζ

228 419 302 463 καὶ
330 416 598 472 παρενθέσει
625 416 804 472 μέμβλω
835 415 895 468 ὡς
920 416 1062 472 μίμνω
1093 417 1222 473 γίγνω
1247 418 1371 470 1722,
1395 421 1463 464 63.
1484 425 1521 474 ²)
1576 421 1661 480 Erg
1688 471 1689 474 Ἴ

228 487 383 531 nullum
423 491 487 529 est
522 498 742 542 praesens,
777 486 892 540 cujus
927 484 1207 530 characterem
1242 487 1465 542 praecedat
1503 502 1665 535 conson

227 556 368 599 nativa
403 559 567 611 praeter
604 553 765 596 devium
797 551 900 594 illud
926 551 1172 604 ὅπλεσθαι,
1213 554 1322 610 quod
1359 568 1411 598 ex
1437 544 1684 602 ὁπλέεσθα

229 624 440 667 concisum
469 621 606 663 dicunt
632 633 670 663 v.
691 617 788 662 Sch.
818 617 866 661 ll.
895 616 1012 662 XIX.
1032 616 1125 663 172.
1156 634 1251 664 nam
1280 622 1389 679 quod
1417 624 1458 666 in
1478 621 1572 666 EM.
1591 623 1683 668 534*

227 691 296 733 25.
324 691 515 744 scriptum
545 694 608 731 est
637 685 812 740 κοχλίας
839 685 964 742 παρὰ
992 685 1040 729 τὸ
1071 685 1211 741 κόχλω
1241 687 1289 732 τὸ
1319 688 1498 748 γυρίζω,
1526 691 1569 734 id
1599 692 1690 748 qui,

227 759 329 802 libet
355 757 468 801 videt
486 768 565 812 quo
594 754 688 798 loco
711 753 943 796 habendum
973 755 1037 797 sit.
1094 753 1209 799 Haec
1230 762 1364 800 autem
1385 759 1524 802 omnia
1551 754 1695 808 sermtxs

228 826 426 870 maturior
465 822 682 878 dereliquit
720 828 760 864 et
790 821 989 876 deposuit.
1047 820 1133 865 Sed
1166 823 1307 878 vigent
1335 830 1375 867 et
1411 826 1550 869 vivunt
1580 839 1662 884 qua

226 892 396 938 lambda
425 890 578 947 duplici
605 888 709 932 fulta
737 895 850 932 sunt:
883 885 1085 941 ἅλλομαι,
1114 887 1278 944 βάλλω,
1304 887 1494 946 βδάλλω,
1517 890 1699 949 θάλλωῆ

227 959 395 1011 πάλλω,
425 955 622 1008 σκάλλω,
648 953 847 1014 σφάλλω,
877 953 1058 1013 ψάλλω,
1089 969 1139 999 ac
1172 957 1251 1001 duo
1283 957 1335 1001 ab
1363 957 1572 1015 Hesychio
1602 965 1699 1004 men'

226 1029 383 1072 moriae
411 1025 575 1083 prodita
601 1021 769 1067 Λάλλει
797 1026 1042 1081 κακουργεῖ,
1072 1037 1151 1080 quo
1180 1025 1316 1068 notius
1343 1032 1407 1068 est
1435 1021 1701 1085 δηλεῖσθιιι,]

227 1102 267 1139 et
293 1091 465 1152 Σήλατο
500 1089 654 1142 ἔσεισε,
689 1090 891 1147 quomodo
918 1097 1099 1134 veterum
1133 1091 1263 1148 aliqui
1295 1091 1546 1137 homericum
1571 1096 1703 1152 Σαρωῑ

225 1161 379 1218 πηὸιὺν
416 1157 596 1217 ἐςήλατο
640 1161 781 1211 τεῖχος
809 1153 996 1211 Ἀχαιῶν
1033 1159 1286 1215 interpretati
1328 1166 1421 1204 sunt
1463 1160 1703 1207 §adhuc-es

227 1228 314 1273 Sed
341 1241 416 1285 pro
430 1226 603 1285 Σμῆλαι
620 1225 754 1283 ῥίψαι
770 1222 1004 1267 Salmasius
1032 1225 1134 1268 vidit
1163 1225 1423 1270 scribendum
1452 1241 1548 1272 esse
1574 1231 1701 1287 σμῆαῑ·

227 1313 302 1342 σαι
334 1295 420 1351 (vel
448 1293 629 1350 σμῆξαι)
663 1289 818 1351 ρύψαι.
874 1291 954 1335 Pro
977 1288 1217 1345 Ἀπάλλεις
1252 1290 1541 1349 ἇποπέμπεις
1569 1294 1706 1356 διιίᾶμι

224 1364 434 1421 reponitur
461 1357 706 1411 ἆπιάλλεις.
728 1359 768 1413 ³)
810 1357 963 1402 Eorum
992 1373 1096 1416 quae
1117 1360 1249 1417 epsilo
1277 1361 1581 1418 praefiniuntur,
1610 1377 1694 1408 no-.

223 1432 386 1475 tissima
402 1435 494 1472 sunt
514 1427 664 1477 κέλλω,
691 1425 850 1480 μέλλω,
877 1426 1058 1477 σκέλλω,
1087 1428 1265 1481 στέλλω,
1294 1431 1427 1472 minus
1446 1437 1545 1474 nota
1574 1429 1685 1475 ἕλλω

225 1498 275 1543 τὸ
302 1495 531 1554 συστρέφω
546 1492 640 1535 ΕΜ.
658 1493 752 1542 116,
772 1493 839 1535 63.
874 1491 1087 1547 ἐλλόμενα
1115 1493 1418 1553 περικνώμενα
1431 1495 1530 1541 Hes.
1557 1498 1686 1553 βδέλ-

225 1567 315 1609 λειν
343 1563 516 1622 τρέμειν
545 1557 573 1618 ἢ
602 1561 722 1616 βδεῖν
751 1566 790 1602 et
820 1560 1059 1614 βδέλεσθαι
1079 1561 1379 1616 (βδέλλεσθαι)
1400 1547 1711 1615 κοιλιολυτεῖν,4

223 1631 321 1675 Hes.
351 1632 420 1688 qui
440 1629 585 1672 eodem
606 1628 694 1671 sere
715 1626 837 1670 modo
864 1624 1191 1682 βδελύσσεσθαι
1221 1629 1421 1686 explicat3
1450 1637 1490 1674 et
1515 1645 1686 1689 prorsus
1704 1642 1709 1689 ᾗ

221 1698 408 1743 inaudita
421 1696 582 1741 Δέλλει
611 1695 747 1741 καλεῖ,
777 1692 1038 1738 Διαὸέλλειν
1065 1694 1258 1755 διασπᾷν
1291 1697 1429 1741 alieno
1453 1697 1548 1742 loco
1580 1700 1687 1743 scri-
1700 1693 1710 1737 ἶ·

222 1776 331 1826 ptum
359 1772 450 1824 post
467 1763 694 1814 Διαὸοκίς,
720 1761 883 1818 fictique
904 1761 1038 1804 simile
1062 1761 1110 1804 τὸ
1143 1762 1284 1818 σέλμα
1311 1763 1439 1822 παρὰ
1469 1764 1518 1809 τὸ
1544 1766 1703 1811 σέλλω,

222 1835 272 1879 τὸ
305 1831 428 1892 ὃρμῶ
454 1831 527 1874 καὶ
566 1827 697 1880 σόλος
728 1826 752 1872 ὃ
784 1828 934 1879 δίσκος
953 1827 1093 1872 Schol.
1122 1828 1170 1872 Il.
1199 1828 1310 1873 XVI.
1341 1831 1380 1874 l.
1418 1830 1531 1876 Eust.
1561 1831 1684 1885 1041,
1704 1823 1714 1867 ’·

222 1903 290 1946 30.
312 1904 352 1957 ⁴)
382 1911 613 1957 quanquam
630 1909 713 1939 non
734 1895 977 1939 incredibile
1005 1903 1068 1939 est
1096 1910 1123 1940 a
1151 1895 1240 1941 σὲω
1268 1897 1412 1952 (σείω)
1439 1912 1521 1943 non
1550 1899 1685 1944 solum
1712 1898 1718 1957 Γ,

223 1968 371 2014 σάλλω
398 1964 534 2015 σάλος
563 1970 602 2006 et
631 1960 773 2013 σάλαξ
794 1963 820 2004 i.
852 1976 889 2018 q.
919 1965 1120 2020 σεῖστρον
1149 1964 1225 2006 sed
1254 1966 1378 2007 etiam
1406 1965 1545 2010 σέλλω
1575 1968 1686 2011 deri-
1713 1978 1718 1992 ¹

222 2044 360 2081 vatum
390 2046 499 2076 esse.
555 2030 644 2074 Iota
672 2031 742 2072 uni
771 2030 935 2072 insitum
961 2036 1025 2072 est
1053 2028 1199 2081 τίλλω,
1230 2040 1327 2074 nam
1353 2028 1461 2075 ἴλλω
1481 2035 1685 2092 scriptura
1709 2041 1715 2088 ᾖ.

313 2193 352 2238 2)
385 2190 495 2230 Quod
519 2189 566 2224 ad
579 2188 715 2224 Buttm.
739 2187 910 2222 adnotavi
927 2187 1165 2234 ἐπιμέλεσθαι
1187 2198 1259 2222 non
1277 2188 1422 2234 saepius
1445 2200 1551 2235 quam
1566 2193 1680 2228 semel
1699 2202 1723 2224 n*

221 2251 302 2298 legi,
328 2250 374 2284 de
392 2248 462 2283 hoe
478 2247 558 2292 ipso
579 2243 759 2280 infinitivo
782 2244 932 2291 intelligi
946 2244 1059 2287 volui,
1085 2243 1185 2290 cujus
1209 2244 1402 2280 insolentia
1418 2244 1497 2291 jam
1513 2246 1558 2282 Η.
1576 2247 1682 2284 Wol·
1714 2239 1728 2285 f?

222 2307 310 2343 fium
344 2306 562 2340 adverterat.
615 2302 748 2348 Poppo
784 2313 875 2337 vero
906 2302 943 2336 in
975 2300 1099 2335 Indice
1133 2300 1291 2347 Thucyd.
1326 2313 1361 2348 p.
1386 2302 1464 2338 413.
1498 2304 1584 2339 mihi
1613 2312 1680 2341 sex
1713 2293 1728 2349 ‘1¹4

222 2364 375 2412 opponit
406 2363 527 2404 locos,
561 2370 725 2406 quorum
757 2361 799 2395 in
830 2357 934 2393 nullo
971 2357 1187 2403 infinitivus
1213 2357 1363 2405 leyz'cnr.
1410 2358 1491 2395 Hoc
1514 2366 1571 2396 est
1591 2360 1681 2399 o'cxo-

219 2423 290 2459 νιτὶ
316 2421 434 2465 νικᾷν.
1718 2405 1728 2460 {¹

311 2489 348 2533 3)
377 2487 558 2532 Ἐπιλίημι
580 2485 758 2532 ἐπιτρέπω
783 2482 870 2518 Hes.
897 2481 1122 2518 scribendum
1145 2480 1287 2517 videtur
1312 2478 1506 2529 ἕπιάλλημι
1528 2486 1678 2522 verbum

219 2546 394 2582 aeolicum
416 2555 484 2590 pro
508 2539 675 2578 ἐπιάλλω.
1723 2540 1728 2560 a

310 2614 348 2656 4)
377 2612 448 2647 Alii
471 2613 587 2657 σέλμα
609 2620 689 2643 cum
708 2610 804 2647 σελίς
830 2612 866 2641 et
893 2609 996 2646 σανίς
1019 2605 1208 2641 conferunt
1234 2617 1269 2642 v.
1295 2607 1380 2643 Sch.
1403 2607 1523 2654 Apoll.
1548 2607 1575 2645 Ι.
1597 2609 1675 2645 528.
1718 2603 1728 2650 ’1

222 2676 258 2706 et
282 2669 419 2705 Parall.
438 2667 517 2702 426.
542 2676 609 2701 nec
632 2665 820 2700 dissonant
841 2664 985 2710 glossae
1006 2662 1190 2697 laconicae
1214 2660 1298 2697 ἑλλά
1321 2661 1342 2707 ἡ
1365 2665 1530 2714 καθέδρα
1553 2671 1589 2700 et
1609 2679 1677 2701 κα-
1723 2655 1728 2704 f

222 2728 406 2762 σελατίσαι
426 2727 577 2760 καθίσαι
598 2722 685 2757 Hes.
707 2732 801 2766 quae
822 2720 933 2767 magis
957 2719 1002 2754 ad
1020 2718 1169 2754 verbum
1192 2718 1239 2754 ἕω
1263 2718 1326 2760 ἓζω
1343 2720 1456 2757 sedeo
1481 2723 1676 2759 convenire

220 2783 398 2819 videntur.
445 2782 478 2816 A
501 2782 617 2825 σέλμα
640 2778 837 2813 derivatum
859 2782 915 2812 est
943 2778 1068 2822 σελμίς
1089 2775 1128 2812 τὸ
1148 2778 1266 2824 ἰκρίον
1290 2775 1378 2811 Hes.
