1728 3120
16 0 93 171 ³¹*

243 212 289 258 P.
310 211 341 255 1.
401 211 472 255 DE
502 209 813 255 NOMINIBUS
843 210 1057 256 PRIMAE
1087 211 1305 256 DECLIN.
1418 216 1522 264 257

111 323 221 369 10.
250 338 456 383 unumque
482 324 739 381 bisyllabum
770 326 868 378 (nisi
887 325 1050 383 plurale
1071 327 1154 380 est)
1184 322 1303 383 Σύρη
1337 326 1520 385 πλῆθος

30 400 33 433 Ι
80 415 105 431 --2
157 405 185 436 a
217 389 339 449 σύρω
377 392 487 436 unde
525 390 748 451 συρφετός
785 392 959 449 vulgus,
1001 388 1247 450 πασσύρως
1271 393 1301 435 i.
1330 407 1368 450 q.
1400 409 1520 447 παμ-

28 438 92 489 r
140 457 212 504 ’ζει
270 457 321 502 Si
350 471 553 517 praesens
593 454 830 517 δ’σφρομαι
868 461 972 504 satis
1014 465 1246 509 constaret,
1289 473 1373 503 non
1401 460 1521 504 dubi-

12 482 97 633 a
107 539 161 570 ιιι
190 525 272 570 hue
299 526 460 570 referre
492 521 647 583 ὂσφρά
674 525 743 569 vel
772 533 815 570 ut
843 528 887 570 in
921 527 1012 571 cod.
1044 527 1241 584 scriptum
1272 533 1335 570 est
1364 523 1520 585 ὂσφρα

82 593 184 638 hill.
225 591 506 643 Tat.11.38‚
537 592 606 635 56
650 592 726 636 sed
764 595 864 650 quia
902 590 1212 652 ὀσφραίνομαι
1250 594 1428 645 evaluit,
1477 596 1522 638 in

41 669 85 719 J
111 673 174 705 es
197 667 339 718 partes
369 662 496 704 tutius
526 659 689 703 videtur
717 659 821 703 illud
847 674 939 704 cum
967 659 1097 716 μάθη
1118 667 1158 704 et
1186 660 1283 704 huic
1311 661 1519 705 similibus

16 739 46 787 ι
95 740 290 786 ponere,
319 740 428 784 quae
449 728 493 770 in
519 728 710 783 proxima
732 726 999 785 paragrapho
1018 727 1221 770 allaturus
1253 741 1355 772 sum.
1416 727 1521 773 Ver-

22 800 33 835 Ἰ
68 800 71 802 ’
135 810 176 840 ιιι
212 797 257 840 in
285 812 350 842 σω
395 797 629 840 exeuntium
670 798 741 839 uni
782 794 971 854 ἆφύσσω
1007 797 1245 855 adaptatum
1275 804 1340 841 est
1368 810 1522 842 nomen

16 848 214 924 &vaca
231 863 469 916 haustrum3
500 864 575 907 sed
605 869 645 906 et
671 863 881 918 μέλισσαι
905 880 952 907 αι
982 861 1144 919 ιέρειαι
1175 864 1311 907 dictae
1330 864 1522 908 videntur

26 934 69 981 ff:
94 929 304 989 placando
345 938 386 975 et
423 930 686 990 propitiando
729 926 823 974 ἀπὸ
865 932 946 974 τοῦ
980 929 1239 984 μειλίσσειν.
1263 934 1306 958 ¹⁰
1287 932 1330 985 ⁰)
1376 927 1522 975 ''Ooooe

69 1010 194 1042 eres
222 1011 376 1055 magno
405 1010 616 1043 consensu
651 997 704 1040 ab
743 992 942 1050 όσσομαι
972 1003 1212 1048 arcessunt;
1245 992 1522 1051 Ὀττόμενος,

17 1075 60 1098 *-
88 1081 153 1117 α,
182 1060 438 1122 ὠττευόμην
464 1064 624 1108 Anecd.
641 1062 775 1107 Bekk.
800 1077 839 1120 p.
854 1062 923 1105 55.
954 1058 1180 1106 όσσεσθαι
1210 1059 1302 1106 ἀπὸ
1335 1065 1415 1121 τῆς
1443 1059 1524 1108 όσ-

50 1146 122 1183 ς,
151 1147 207 1189 ην
221 1127 308 1176 ἀεὶ
337 1131 416 1176 ἐπὶ
441 1128 653 1186 μαντείας
675 1128 854 1186 τίθησι·
884 1126 1069 1187 τοιαύτη
1097 1129 1146 1174 δὲ
1175 1127 1343 1182 λέξις’
1323 1129 1418 1174 εστὶ
1447 1129 1523 1175 καὶ

25 1223 35 1234 a
52 1193 154 1255 ’ὂψ
182 1193 245 1250 ὥς
267 1194 508 1249 Διονύσιος
529 1194 697 1248 Αἴλιος
725 1197 1119 1254 παρασημειοῦται
1152 1191 1336 1252 λέγων’
1319 1194 1416 1240 όπα
1443 1197 1523 1256 τὴν

25 1286 38 1299 ἐν
84 1263 223 1322 ηδόνα
253 1263 328 1308 καὶ
355 1261 610 1308 ὀπεύεσθαι
639 1262 688 1306 τὸ
720 1261 1064 1319 κληδονίζεσθαι
1092 1261 1207 1306 Eust.
1226 1263 1323 1314 964,
1349 1264 1418 1307 63.
1451 1267 1522 1322 qui

87 1344 155 1375 um
182 1344 334 1376 nomen
362 1330 492 1375 verbo
524 1331 758 1388 anteponit,
793 1329 982 1373 ordinem
1018 1330 1244 1386 antiquitus
1273 1329 1397 1374 fixum
1425 1344 1523 1388 per-

18 1393 30 1420 '·
106 1403 179 1442 at.
237 1396 326 1442 Sed
355 1397 558 1442 adversus
587 1396 694 1440 haec
724 1397 845 1440 enixe
877 1396 1061 1453 disputat
1086 1394 1373 1449 Buttmannus‚
1404 1394 1523 1443 ὄσσα

142 1466 499 1523 praesagitionem
537 1463 777 1521 significare
809 1462 885 1506 sed
912 1476 1081 1515 vocem,
1119 1477 1256 1521 neque
1298 1460 1523 1509 ἔσσεσθαι

18 1507 65 1571 'ff
100 1533 117 1576 i
146 1545 222 1589 pro
250 1529 532 1576 ὀττεύεσθαι.
593 1530 670 1574 Cui
702 1537 898 1587 quantum
928 1529 979 1573 de
999 1529 1180 1574 Homero
1204 1531 1403 1583 concedo,
1431 1539 1525 1575 tan-

44 1591 57 1659 ,⁴
87 1623 102 1637 ‹1
156 1598 277 1642 abest
311 1605 356 1642 ut
395 1601 556 1656 utrique
599 1597 807 1642 vocabulo
847 1597 1017 1640 diversa
1051 1598 1260 1654 principia
1298 1599 1523 1654 assignare

28 1702 31 1710 .
92 1667 286 1717 tineam3
330 1678 466 1723 neque
506 1664 604 1708 mihi
643 1663 898 1721 persuadere
937 1677 1108 1721 possum
1144 1664 1261 1709 aliud
1302 1679 1399 1709 esse
1439 1661 1524 1723 ἶίψ,

28 1759 30 1761 >
62 1735 144 1780 od
171 1747 319 1779 vocem
349 1732 572 1789 significat,
603 1731 718 1775 aliud
748 1727 828 1789 ὂψ,
860 1731 971 1788 quod
1001 1732 1220 1775 visionem.
1279 1731 1525 1776 Memineri-

156 1801 293 1853 modo‚
324 1800 434 1858 quod
457 1801 572 1857 prius
597 1799 749 1842 dictum
780 1805 844 1841 est
864 1797 1060 1848 (Dissert.
1076 1797 1143 1841 IV.
1167 1799 1203 1854 ξ.
1218 1798 1259 1842 4.
1281 1798 1526 1854 Adnotam.)

30 1870 241 1927 ὴροϊδεῖν
273 1867 501 1925 aliquando
518 1866 663 1910 valere
688 1867 1031 1921 praesignificare
1058 1872 1180 1924 atque
1196 1865 1373 1911 Latinos
1401 1881 1527 1925 prae-

23 1935 198 1981 ”’“οιιι1ὶ
236 1942 278 1980 et
315 1935 585 1993 praedicendi
626 1933 973 1990 significationem
1012 1934 1083 1976 uni
1121 1933 1348 1977 inclusisse
1395 1934 1527 1979 verbo

20 1962 64 2046 *Α
98 2023 105 2041 1
138 2005 290 2059 sayire.
349 2000 512 2046 Νύσσα
541 2000 668 2058 παρὰ
697 1999 747 2044 τὸ
775 1996 933 2050 νύσσω,
965 1998 1068 2044 ἐπεὶ
1096 1998 1189 2044 ἐκεῖ
1216 1997 1452 2044 νύσσονται
1483 1999 1529 2045 οἱ

130 2087 176 2116 οι
205 2068 349 2114 Orion.
368 2068 464 2112 102.
495 2081 576 2126 quo
604 2075 744 2112 tamen
772 2066 902 2110 verbo
932 2065 1136 2110 Homerus
1171 2066 1223 2110 de
1253 2069 1414 2124 aurigis
1444 2081 1529 2112 non

27 2136 174 2204 ᾔτην.
241 2135 427 2180 Duarum
465 2148 745 2180 consonarum
782 2133 1039 2178 sibilantium
1083 2134 1163 2178 duo
1204 2141 1298 2178 sunt
1338 2135 1530 2193 exempla

32 2203 175 2263 ‘erpa
202 2200 229 2260 ἡ
259 2201 406 2262 βύρσα
424 2201 542 2246 Suid.
574 2209 616 2245 et
642 2198 768 2258 αὔξη.
826 2199 935 2244 Nam
970 2198 1130 2258 ἅφεψή
1152 2201 1269 2245 Aret.
1293 2200 1390 2245 Cur.
1406 2202 1529 2247 Acut.

28 2276 63 2326 *fij
118 2271 160 2322 6,
183 2269 282 2314 274.
313 2283 448 2327 neque
478 2271 522 2312 in
550 2268 671 2313 codd.
709 2268 825 2311 clare
856 2274 1026 2325 apparet
1056 2281 1135 2311 nec
1164 2269 1396 2311 sententiae
1424 2270 1530 2313 satis

22 2293 50 2378 ε*
121 2356 125 2374 ι
150 2358 167 2377 ι.
207 2344 297 2389 est,
339 2349 448 2394 quae
479 2332 641 2393 άφυξιν
669 2335 806 2391 potius
835 2347 957 2391 quam
990 2330 1224 2399 dff'quow
1250 2334 1440 2379 indicare
1468 2337 1533 2380 vi-

34 2433 38 2452 s
83 2420 184 2459 cnr,
220 2408 344 2450 tertio
379 2411 583 2464 repugnat
619 2403 794 2459 regulae
832 2402 888 2446 τὰ
916 2400 982 2455 εἷς
1015 2411 1083 2460 ψη
1126 2400 1204 2458 οὐχ
1232 2401 1416 2461 εὕρηται
1449 2404 1532 2448 Ar—

34 2473 135 2602 ?ss
156 2541 194 2598 §.
223 2541 264 2584 3.
322 2538 442 2582 Nunc
473 2538 527 2582 ad
556 2544 696 2596 partes
725 2537 919 2582 vocanda
947 2544 1043 2581 sunt
1069 2537 1211 2587 verba,
1241 2551 1350 2595 quae
1380 2544 1534 2582 mutam

27 2603 198 2672 ''babent
241 2621 294 2652 ac
335 2607 510 2665 primum
551 2605 753 2649 labialia:
800 2600 892 2649 ἀπὸ
938 2606 1018 2649 τοῦ
1059 2602 1276 2660 βλάβεται
1318 2600 1346 2662 ἡ
1388 2602 1533 2661 βλάβη

38 2696 466 2714 =·-..--———-

45 2762 70 2810 J*
138 2758 197 2803 10)
231 2756 324 2792 Huic
344 2755 461 2791 simile
478 2759 534 2790 est
555 2753 776 2803 Ἁμαρὺιιαι
794 2755 830 2790 οἱ
852 2753 1050 2801 ὀφθαλμοί
1069 2752 1156 2787 Hes.
1182 2757 1221 2787 ut
1239 2752 1534 2790 Hemsterhusius

1 2860 3 2862 q
30 2814 215 2861 jon-igit,
239 2813 287 2849 ab
310 2810 520 2861 ἆμαρύττω.
567 2810 732 2848 Eandem
757 2811 807 2847 ob
831 2821 975 2847 causam
1000 2809 1094 2845 oculi
1117 2813 1295 2846 vocantur
1318 2808 1443 2857 αὐγαί.

114 2870 290 2900 Lobeek.
315 2868 459 2899 Technol.
1199 2866 1255 2911 1⁷
