<?xml version="1.0" encoding="UTF-8"?>
<!DOCTYPE html PUBLIC "-//W3C//DTD XHTML 1.0 Transitional//EN"
    "http://www.w3.org/TR/xhtml1/DTD/xhtml1-transitional.dtd">
<html xmlns="http://www.w3.org/1999/xhtml" xml:lang="en" lang="en">
 <head>
  <title>
</title>
<meta http-equiv="Content-Type" content="text/html;charset=utf-8" />
  <meta name='ocr-system' content='tesseract 3.04.00' />
  <meta name='ocr-capabilities' content='ocr_page ocr_carea ocr_par ocr_line ocrx_word'/>
</head>
<body>
  <div class='ocr_page' id='page_1' title='image "./rhematikonsiveve00lobeuoft_0358.png"; bbox 0 0 1728 3120; ppageno 0'>
   <div class='ocr_carea' id='block_1_1' title="bbox 255 193 1293 249">
    <p class='ocr_par' dir='ltr' id='par_1_1' title="bbox 255 193 1293 249">
     <span class='ocr_line' id='line_1_1' title="bbox 255 193 1293 249; baseline -0.008 1"><span class='ocrx_word' id='word_1_1' title='bbox 255 203 353 249; x_wconf 80' lang='lat'>340</span> <span class='ocrx_word' id='word_1_2' title='bbox 686 193 1152 240; x_wconf 84' lang='lat' dir='ltr'><strong>DISSERTATIO</strong></span> <span class='ocrx_word' id='word_1_3' title='bbox 1195 197 1293 242; x_wconf 83' lang='lat' dir='ltr'>XX.</span> 
     </span>
    </p>
   </div>
   <div class='ocr_carea' id='block_1_2' title="bbox 236 307 1728 2635">
    <p class='ocr_par' dir='ltr' id='par_1_2' title="bbox 243 307 1728 2155">
     <span class='ocr_line' id='line_1_2' title="bbox 257 307 1689 371; baseline 0.004 -18"><span class='ocrx_word' id='word_1_4' title='bbox 257 316 465 367; x_wconf 79' lang='lat' dir='ltr'>‚,qemant,</span> <span class='ocrx_word' id='word_1_5' title='bbox 497 307 683 351; x_wconf 80' lang='lat' dir='ltr'><strong>oculisne</strong></span> <span class='ocrx_word' id='word_1_6' title='bbox 701 309 856 364; x_wconf 81' lang='lat' dir='ltr'>percipi</span> <span class='ocrx_word' id='word_1_7' title='bbox 877 310 1026 366; x_wconf 87' lang='lat' dir='ltr'>poterit</span> <span class='ocrx_word' id='word_1_8' title='bbox 1043 311 1220 365; x_wconf 85' lang='lat' dir='ltr'>gemitus</span> <span class='ocrx_word' id='word_1_9' title='bbox 1231 315 1249 354; x_wconf 68' lang='grc' dir='ltr'>’ἒ</span> <span class='ocrx_word' id='word_1_10' title='bbox 1278 312 1523 358; x_wconf 73' lang='lat' dir='ltr'><strong>crediderim</strong></span> <span class='ocrx_word' id='word_1_11' title='bbox 1536 316 1689 371; x_wconf 85' lang='lat' dir='ltr'>gemitu</span> 
     </span>
     <span class='ocr_line' id='line_1_3' title="bbox 256 374 1692 435; baseline 0.003 -14"><span class='ocrx_word' id='word_1_12' title='bbox 256 377 454 430; x_wconf 85' lang='lat' dir='ltr'>„auribus</span> <span class='ocrx_word' id='word_1_13' title='bbox 494 376 630 431; x_wconf 78' lang='lat' dir='ltr'>potius</span> <span class='ocrx_word' id='word_1_14' title='bbox 670 375 854 416; x_wconf 83' lang='lat' dir='ltr'>sentiri.“</span> <span class='ocrx_word' id='word_1_15' title='bbox 913 374 963 417; x_wconf 82' lang='lat' dir='ltr'>Et</span> <span class='ocrx_word' id='word_1_16' title='bbox 997 374 1102 418; x_wconf 89' lang='lat' dir='ltr'>illud</span> <span class='ocrx_word' id='word_1_17' title='bbox 1143 383 1279 420; x_wconf 85' lang='lat' dir='ltr'>tamen</span> <span class='ocrx_word' id='word_1_18' title='bbox 1315 381 1529 435; x_wconf 71' lang='lat' dir='ltr'>zeugmate</span> <span class='ocrx_word' id='word_1_19' title='bbox 1568 381 1692 426; x_wconf 84' lang='lat' dir='ltr'>lenitu</span> 
     </span>
     <span class='ocr_line' id='line_1_4' title="bbox 254 440 1719 502; baseline 0.003 -13"><span class='ocrx_word' id='word_1_20' title='bbox 254 447 404 502; x_wconf 84' lang='lat' dir='ltr'>vixque</span> <span class='ocrx_word' id='word_1_21' title='bbox 445 443 619 485; x_wconf 85' lang='lat' dir='ltr'>advertit</span> <span class='ocrx_word' id='word_1_22' title='bbox 654 440 834 484; x_wconf 86' lang='lat' dir='ltr'>lectores</span> <span class='ocrx_word' id='word_1_23' title='bbox 874 441 1110 485; x_wconf 89' lang='lat' dir='ltr'>durioribus</span> <span class='ocrx_word' id='word_1_24' title='bbox 1150 451 1354 488; x_wconf 86' lang='lat' dir='ltr'>assuetos.</span> <span class='ocrx_word' id='word_1_25' title='bbox 1412 444 1584 492; x_wconf 70' lang='lat' dir='ltr'>Veteres</span> <span class='ocrx_word' id='word_1_26' title='bbox 1622 450 1719 492; x_wconf 71' lang='lat' dir='ltr'>eni&#39;</span> 
     </span>
     <span class='ocr_line' id='line_1_5' title="bbox 253 507 1710 569; baseline 0.003 -14"><span class='ocrx_word' id='word_1_27' title='bbox 253 525 340 555; x_wconf 88' lang='lat' dir='ltr'>non</span> <span class='ocrx_word' id='word_1_28' title='bbox 370 510 510 553; x_wconf 81' lang='lat' dir='ltr'>omnia</span> <span class='ocrx_word' id='word_1_29' title='bbox 539 509 592 551; x_wconf 88' lang='lat' dir='ltr'>ad</span> <span class='ocrx_word' id='word_1_30' title='bbox 632 507 739 551; x_wconf 85' lang='lat' dir='ltr'>hanc</span> <span class='ocrx_word' id='word_1_31' title='bbox 781 521 922 551; x_wconf 87' lang='lat' dir='ltr'>curam</span> <span class='ocrx_word' id='word_1_32' title='bbox 957 516 997 552; x_wconf 84' lang='lat' dir='ltr'>et</span> <span class='ocrx_word' id='word_1_33' title='bbox 1027 509 1284 565; x_wconf 82' lang='lat' dir='ltr'>diligentiam</span> <span class='ocrx_word' id='word_1_34' title='bbox 1317 513 1525 569; x_wconf 75' lang='lat' dir='ltr'>scripsere</span> <span class='ocrx_word' id='word_1_35' title='bbox 1562 515 1638 558; x_wconf 86' lang='lat' dir='ltr'>sed</span> <span class='ocrx_word' id='word_1_36' title='bbox 1666 517 1710 558; x_wconf 87' lang='lat' dir='ltr'>iu</span> 
     </span>
     <span class='ocr_line' id='line_1_6' title="bbox 253 575 1708 640; baseline 0.002 -19"><span class='ocrx_word' id='word_1_37' title='bbox 253 579 381 636; x_wconf 85' lang='lat' dir='ltr'>genio</span> <span class='ocrx_word' id='word_1_38' title='bbox 408 577 504 620; x_wconf 84' lang='lat' dir='ltr'>freti</span> <span class='ocrx_word' id='word_1_39' title='bbox 529 575 731 619; x_wconf 82' lang='lat' dir='ltr'>nonnulla</span> <span class='ocrx_word' id='word_1_40' title='bbox 760 575 999 630; x_wconf 81' lang='lat' dir='ltr'>abjecerunt</span> <span class='ocrx_word' id='word_1_41' title='bbox 1027 577 1308 632; x_wconf 84' lang='lat' dir='ltr'>negligentius</span> <span class='ocrx_word' id='word_1_42' title='bbox 1336 585 1534 636; x_wconf 80' lang='lat' dir='ltr'>tanquam</span> <span class='ocrx_word' id='word_1_43' title='bbox 1559 581 1708 640; x_wconf 69' lang='grc' dir='ltr'><em>μὲλπη</em></span> 
     </span>
     <span class='ocr_line' id='line_1_7' title="bbox 253 640 1709 704; baseline 0.003 -17"><span class='ocrx_word' id='word_1_44' title='bbox 253 649 350 702; x_wconf 73' lang='grc' dir='ltr'>θρα</span> <span class='ocrx_word' id='word_1_45' title='bbox 379 643 637 687; x_wconf 84' lang='lat' dir='ltr'>Criticorum.</span> <span class='ocrx_word' id='word_1_46' title='bbox 695 640 801 692; x_wconf 86' lang='lat' dir='ltr'>Jam‚</span> <span class='ocrx_word' id='word_1_47' title='bbox 830 649 872 685; x_wconf 87' lang='lat' dir='ltr'>ut</span> <span class='ocrx_word' id='word_1_48' title='bbox 898 656 966 685; x_wconf 89' lang='lat' dir='ltr'>res</span> <span class='ocrx_word' id='word_1_49' title='bbox 997 651 1311 694; x_wconf 77' lang='lat' dir='ltr'><strong>consummetur,</strong></span> <span class='ocrx_word' id='word_1_50' title='bbox 1341 645 1420 689; x_wconf 87' lang='lat' dir='ltr'>hoc</span> <span class='ocrx_word' id='word_1_51' title='bbox 1450 647 1626 704; x_wconf 84' lang='lat' dir='ltr'>amplius</span> <span class='ocrx_word' id='word_1_52' title='bbox 1655 649 1709 692; x_wconf 84' lang='lat' dir='ltr'>ad</span> 
     </span>
     <span class='ocr_line' id='line_1_8' title="bbox 247 709 1705 769; baseline 0 -13"><span class='ocrx_word' id='word_1_53' title='bbox 247 713 394 769; x_wconf 87' lang='lat' dir='ltr'>jiciam</span> <span class='ocrx_word' id='word_1_54' title='bbox 434 710 584 761; x_wconf 85' lang='lat' dir='ltr'>verba,</span> <span class='ocrx_word' id='word_1_55' title='bbox 629 722 735 765; x_wconf 84' lang='lat' dir='ltr'>quae</span> <span class='ocrx_word' id='word_1_56' title='bbox 771 709 896 752; x_wconf 88' lang='lat' dir='ltr'>rebus</span> <span class='ocrx_word' id='word_1_57' title='bbox 928 710 1131 753; x_wconf 14' lang='lat' dir='ltr'>*attributa</span> <span class='ocrx_word' id='word_1_58' title='bbox 1162 718 1254 754; x_wconf 89' lang='lat' dir='ltr'>sunt</span> <span class='ocrx_word' id='word_1_59' title='bbox 1294 725 1442 756; x_wconf 86' lang='lat' dir='ltr'>sensus</span> <span class='ocrx_word' id='word_1_60' title='bbox 1470 713 1705 758; x_wconf 84' lang='lat' dir='ltr'>moventibu</span> 
     </span>
     <span class='ocr_line' id='line_1_9' title="bbox 251 776 1696 831; baseline 0.001 -9"><span class='ocrx_word' id='word_1_61' title='bbox 251 778 453 822; x_wconf 84' lang='lat' dir='ltr'>interdum</span> <span class='ocrx_word' id='word_1_62' title='bbox 486 777 537 820; x_wconf 84' lang='lat' dir='ltr'>ab</span> <span class='ocrx_word' id='word_1_63' title='bbox 559 777 691 820; x_wconf 86' lang='lat' dir='ltr'>altero</span> <span class='ocrx_word' id='word_1_64' title='bbox 720 789 845 819; x_wconf 87' lang='lat' dir='ltr'>sensu</span> <span class='ocrx_word' id='word_1_65' title='bbox 877 776 929 819; x_wconf 85' lang='lat' dir='ltr'>ad</span> <span class='ocrx_word' id='word_1_66' title='bbox 956 776 1129 820; x_wconf 85' lang='lat' dir='ltr'>alterum</span> <span class='ocrx_word' id='word_1_67' title='bbox 1153 779 1344 831; x_wconf 83' lang='lat' dir='ltr'>transire,</span> <span class='ocrx_word' id='word_1_68' title='bbox 1373 793 1457 823; x_wconf 92' lang='lat' dir='ltr'>non</span> <span class='ocrx_word' id='word_1_69' title='bbox 1484 781 1623 823; x_wconf 84' lang='lat' dir='ltr'>omnia</span> <span class='ocrx_word' id='word_1_70' title='bbox 1653 794 1696 824; x_wconf 88' lang='lat' dir='ltr'>se</span> 
     </span>
     <span class='ocr_line' id='line_1_10' title="bbox 251 841 1716 904; baseline 0.002 -16"><span class='ocrx_word' id='word_1_71' title='bbox 251 846 474 903; x_wconf 79' lang='lat' dir='ltr'>praecipue</span> <span class='ocrx_word' id='word_1_72' title='bbox 504 843 677 902; x_wconf 80' lang='grc' dir='ltr'><em>φαίνειν</em></span> <span class='ocrx_word' id='word_1_73' title='bbox 705 850 746 887; x_wconf 86' lang='lat' dir='ltr'>et</span> <span class='ocrx_word' id='word_1_74' title='bbox 775 841 976 896; x_wconf 84' lang='grc' dir='ltr'><em>λάμπειν,</em></span> <span class='ocrx_word' id='word_1_75' title='bbox 1009 850 1049 885; x_wconf 89' lang='lat' dir='ltr'>ut</span> <span class='ocrx_word' id='word_1_76' title='bbox 1072 843 1244 900; x_wconf 82' lang='grc' dir='ltr'><em>φαίνειν</em></span> <span class='ocrx_word' id='word_1_77' title='bbox 1273 843 1447 904; x_wconf 79' lang='grc' dir='ltr'><em>γήρυμα</em></span> <span class='ocrx_word' id='word_1_78' title='bbox 1465 847 1716 902; x_wconf 74' lang='lat' dir='ltr'>Agam.202</span> 
     </span>
     <span class='ocr_line' id='line_1_11' title="bbox 252 903 1713 969; baseline 0.003 -15"><span class='ocrx_word' id='word_1_79' title='bbox 252 911 369 955; x_wconf 91' lang='lat' dir='ltr'>Eum.</span> <span class='ocrx_word' id='word_1_80' title='bbox 387 903 483 954; x_wconf 79' lang='lat'>539.</span> <span class='ocrx_word' id='word_1_81' title='bbox 509 907 748 967; x_wconf 79' lang='grc' dir='ltr'><em>προύφάνη</em></span> <span class='ocrx_word' id='word_1_82' title='bbox 774 907 940 960; x_wconf 80' lang='grc' dir='ltr'><strong><em>κτύπος</em></strong></span> <span class='ocrx_word' id='word_1_83' title='bbox 957 909 1130 954; x_wconf 90' lang='lat' dir='ltr'>Philoct.</span> <span class='ocrx_word' id='word_1_84' title='bbox 1146 911 1243 954; x_wconf 86' lang='lat'>202.</span> <span class='ocrx_word' id='word_1_85' title='bbox 1273 914 1409 969; x_wconf 75' lang='grc' dir='ltr'><em>γῆρυς</em></span> <span class='ocrx_word' id='word_1_86' title='bbox 1437 910 1606 968; x_wconf 81' lang='grc' dir='ltr'><em>λάμπει</em></span> <span class='ocrx_word' id='word_1_87' title='bbox 1623 912 1713 959; x_wconf 70' lang='lat' dir='ltr'>Oea</span> 
     </span>
     <span class='ocr_line' id='line_1_12' title="bbox 254 978 1705 1030; baseline 0.001 -8"><span class='ocrx_word' id='word_1_88' title='bbox 254 979 306 1022; x_wconf 91' lang='lat' dir='ltr'>T.</span> <span class='ocrx_word' id='word_1_89' title='bbox 339 980 433 1022; x_wconf 84' lang='lat'>137.</span> <span class='ocrx_word' id='word_1_90' title='bbox 464 991 669 1020; x_wconf 78' lang='lat' dir='ltr'>canorum</span> <span class='ocrx_word' id='word_1_91' title='bbox 694 978 798 1019; x_wconf 80' lang='lat' dir='ltr'>illud</span> <span class='ocrx_word' id='word_1_92' title='bbox 826 979 872 1019; x_wconf 77' lang='lat' dir='ltr'>in</span> <span class='ocrx_word' id='word_1_93' title='bbox 898 990 996 1019; x_wconf 79' lang='lat' dir='ltr'>voce</span> <span class='ocrx_word' id='word_1_94' title='bbox 1027 978 1271 1030; x_wconf 79' lang='lat' dir='ltr'>splendescit</span> <span class='ocrx_word' id='word_1_95' title='bbox 1300 980 1426 1022; x_wconf 78' lang='lat' dir='ltr'>etiam</span> <span class='ocrx_word' id='word_1_96' title='bbox 1453 982 1500 1023; x_wconf 79' lang='lat' dir='ltr'>in</span> <span class='ocrx_word' id='word_1_97' title='bbox 1527 988 1705 1024; x_wconf 60' lang='lat' dir='ltr'>senectus,</span> 
     </span>
     <span class='ocr_line' id='line_1_13' title="bbox 255 1042 1705 1104; baseline 0.001 -15"><span class='ocrx_word' id='word_1_98' title='bbox 255 1047 343 1090; x_wconf 87' lang='lat' dir='ltr'>Cic.</span> <span class='ocrx_word' id='word_1_99' title='bbox 367 1046 416 1088; x_wconf 87' lang='lat' dir='ltr'>de</span> <span class='ocrx_word' id='word_1_100' title='bbox 435 1043 600 1087; x_wconf 86' lang='lat' dir='ltr'>Senect.</span> <span class='ocrx_word' id='word_1_101' title='bbox 616 1042 690 1085; x_wconf 86' lang='lat' dir='ltr'>IX.</span> <span class='ocrx_word' id='word_1_102' title='bbox 705 1043 773 1085; x_wconf 72' lang='lat'>28.</span> <span class='ocrx_word' id='word_1_103' title='bbox 798 1045 959 1096; x_wconf 81' lang='lat' dir='ltr'>populo</span> <span class='ocrx_word' id='word_1_104' title='bbox 989 1058 1166 1087; x_wconf 82' lang='lat' dir='ltr'>romano</span> <span class='ocrx_word' id='word_1_105' title='bbox 1192 1058 1280 1088; x_wconf 74' lang='grc' dir='ltr'>υοω</span> <span class='ocrx_word' id='word_1_106' title='bbox 1308 1052 1346 1088; x_wconf 84' lang='lat' dir='ltr'>et</span> <span class='ocrx_word' id='word_1_107' title='bbox 1372 1049 1602 1091; x_wconf 79' lang='lat' dir='ltr'>auctoritas</span> <span class='ocrx_word' id='word_1_108' title='bbox 1627 1054 1705 1104; x_wconf 75' lang='lat' dir='ltr'>con</span> 
     </span>
     <span class='ocr_line' id='line_1_14' title="bbox 253 1110 1703 1165; baseline -0.001 -9"><span class='ocrx_word' id='word_1_109' title='bbox 253 1115 355 1156; x_wconf 71' lang='lat' dir='ltr'>salis</span> <span class='ocrx_word' id='word_1_110' title='bbox 385 1115 431 1154; x_wconf 80' lang='lat' dir='ltr'>in</span> <span class='ocrx_word' id='word_1_111' title='bbox 465 1113 592 1154; x_wconf 76' lang='lat' dir='ltr'>tantis</span> <span class='ocrx_word' id='word_1_112' title='bbox 629 1111 803 1153; x_wconf 76' lang='lat' dir='ltr'>tenebris</span> <span class='ocrx_word' id='word_1_113' title='bbox 839 1111 986 1153; x_wconf 73' lang='lat' dir='ltr'>illuxit</span> <span class='ocrx_word' id='word_1_114' title='bbox 1015 1110 1118 1165; x_wconf 82' lang='lat' dir='ltr'>Agr.</span> <span class='ocrx_word' id='word_1_115' title='bbox 1150 1111 1179 1153; x_wconf 94' lang='grc' dir='ltr'>Ι.</span> <span class='ocrx_word' id='word_1_116' title='bbox 1207 1111 1247 1162; x_wconf 76' lang='lat' dir='ltr'>S,</span> <span class='ocrx_word' id='word_1_117' title='bbox 1274 1111 1342 1154; x_wconf 83' lang='lat'>24.</span> <span class='ocrx_word' id='word_1_118' title='bbox 1377 1113 1452 1156; x_wconf 86' lang='lat' dir='ltr'>sed</span> <span class='ocrx_word' id='word_1_119' title='bbox 1483 1112 1563 1158; x_wconf 89' lang='lat' dir='ltr'>hoc</span> <span class='ocrx_word' id='word_1_120' title='bbox 1591 1113 1703 1158; x_wconf 88' lang='lat' dir='ltr'>leniu</span> 
     </span>
     <span class='ocr_line' id='line_1_15' title="bbox 253 1177 1716 1237; baseline 0.002 -15"><span class='ocrx_word' id='word_1_121' title='bbox 253 1182 353 1237; x_wconf 85' lang='lat' dir='ltr'>quia</span> <span class='ocrx_word' id='word_1_122' title='bbox 379 1179 633 1232; x_wconf 86' lang='lat' dir='ltr'>interjectum</span> <span class='ocrx_word' id='word_1_123' title='bbox 652 1183 716 1219; x_wconf 86' lang='lat' dir='ltr'>est</span> <span class='ocrx_word' id='word_1_124' title='bbox 745 1178 998 1227; x_wconf 75' lang='lat' dir='ltr'>auctoritas;</span> <span class='ocrx_word' id='word_1_125' title='bbox 1031 1184 1070 1220; x_wconf 84' lang='lat' dir='ltr'>et</span> <span class='ocrx_word' id='word_1_126' title='bbox 1099 1177 1339 1234; x_wconf 84' lang='lat' dir='ltr'>metaphora</span> <span class='ocrx_word' id='word_1_127' title='bbox 1367 1187 1588 1224; x_wconf 79' lang='lat' dir='ltr'>excusatur</span> <span class='ocrx_word' id='word_1_128' title='bbox 1616 1182 1716 1236; x_wconf 77' lang='lat' dir='ltr'>eJuS.</span> 
     </span>
     <span class='ocr_line' id='line_1_16' title="bbox 253 1240 1700 1303; baseline 0.002 -13"><span class='ocrx_word' id='word_1_129' title='bbox 253 1248 346 1290; x_wconf 84' lang='lat' dir='ltr'>dem</span> <span class='ocrx_word' id='word_1_130' title='bbox 374 1245 493 1288; x_wconf 90' lang='lat' dir='ltr'>locus</span> <span class='ocrx_word' id='word_1_131' title='bbox 521 1244 570 1286; x_wconf 90' lang='lat' dir='ltr'>de</span> <span class='ocrx_word' id='word_1_132' title='bbox 601 1241 717 1285; x_wconf 85' lang='lat' dir='ltr'>Orat.</span> <span class='ocrx_word' id='word_1_133' title='bbox 746 1241 797 1283; x_wconf 92' lang='grc' dir='ltr'>ΙΙ.</span> <span class='ocrx_word' id='word_1_134' title='bbox 826 1240 894 1283; x_wconf 87' lang='lat'>44.</span> <span class='ocrx_word' id='word_1_135' title='bbox 927 1245 981 1285; x_wconf 89' lang='lat' dir='ltr'>ad</span> <span class='ocrx_word' id='word_1_136' title='bbox 1010 1245 1074 1292; x_wconf 84' lang='lat' dir='ltr'>id,</span> <span class='ocrx_word' id='word_1_137' title='bbox 1115 1247 1224 1287; x_wconf 79' lang='lat' dir='ltr'>unde</span> <span class='ocrx_word' id='word_1_138' title='bbox 1253 1246 1405 1300; x_wconf 78' lang='lat' dir='ltr'>aliquis</span> <span class='ocrx_word' id='word_1_139' title='bbox 1432 1249 1558 1303; x_wconf 77' lang='lat' dir='ltr'>{latus</span> <span class='ocrx_word' id='word_1_140' title='bbox 1587 1256 1700 1293; x_wconf 80' lang='lat' dir='ltr'>osten</span> 
     </span>
     <span class='ocr_line' id='line_1_17' title="bbox 251 1307 1725 1370; baseline 0.001 -13"><span class='ocrx_word' id='word_1_141' title='bbox 251 1317 390 1361; x_wconf 80' lang='lat' dir='ltr'>ditur,</span> <span class='ocrx_word' id='word_1_142' title='bbox 437 1312 528 1354; x_wconf 80' lang='lat' dir='ltr'>vela</span> <span class='ocrx_word' id='word_1_143' title='bbox 566 1311 644 1359; x_wconf 82' lang='lat' dir='ltr'>do‚·</span> <span class='ocrx_word' id='word_1_144' title='bbox 685 1307 790 1351; x_wconf 91' lang='lat' dir='ltr'>illud</span> <span class='ocrx_word' id='word_1_145' title='bbox 826 1320 926 1350; x_wconf 87' lang='lat' dir='ltr'>vero</span> <span class='ocrx_word' id='word_1_146' title='bbox 963 1307 1214 1352; x_wconf 88' lang='lat' dir='ltr'>homericum</span> <span class='ocrx_word' id='word_1_147' title='bbox 1256 1308 1333 1354; x_wconf 87' lang='lat' dir='ltr'>Od.</span> <span class='ocrx_word' id='word_1_148' title='bbox 1363 1310 1430 1355; x_wconf 89' lang='lat' dir='ltr'>IV.</span> <span class='ocrx_word' id='word_1_149' title='bbox 1460 1313 1558 1357; x_wconf 84' lang='lat'>360.</span> <span class='ocrx_word' id='word_1_150' title='bbox 1595 1309 1725 1370; x_wconf 77' lang='grc' dir='ltr'><em>οὖροι</em></span> 
     </span>
     <span class='ocr_line' id='line_1_18' title="bbox 251 1374 1728 1438; baseline 0 -14"><span class='ocrx_word' id='word_1_151' title='bbox 251 1379 476 1428; x_wconf 79' lang='grc' dir='ltr'><em>πνείοντες</em></span> <span class='ocrx_word' id='word_1_152' title='bbox 516 1376 725 1433; x_wconf 82' lang='grc' dir='ltr'><em>φαίνοντο</em></span> <span class='ocrx_word' id='word_1_153' title='bbox 764 1374 910 1417; x_wconf 88' lang='lat' dir='ltr'>eodem</span> <span class='ocrx_word' id='word_1_154' title='bbox 948 1375 1096 1418; x_wconf 84' lang='lat' dir='ltr'>referri</span> <span class='ocrx_word' id='word_1_155' title='bbox 1139 1382 1272 1432; x_wconf 87' lang='lat' dir='ltr'>potest</span> <span class='ocrx_word' id='word_1_156' title='bbox 1303 1390 1383 1432; x_wconf 91' lang='lat' dir='ltr'>quo</span> <span class='ocrx_word' id='word_1_157' title='bbox 1411 1377 1728 1438; x_wconf 64' lang='lat' dir='ltr'>Propertianuml</span> 
     </span>
     <span class='ocr_line' id='line_1_19' title="bbox 247 1441 1728 1504; baseline 0.001 -15"><span class='ocrx_word' id='word_1_158' title='bbox 247 1448 362 1504; x_wconf 89' lang='lat' dir='ltr'>prius</span> <span class='ocrx_word' id='word_1_159' title='bbox 396 1444 566 1487; x_wconf 84' lang='lat' dir='ltr'>allatum</span> <span class='ocrx_word' id='word_1_160' title='bbox 585 1443 748 1495; x_wconf 79' lang='lat' dir='ltr'>adspice</span> <span class='ocrx_word' id='word_1_161' title='bbox 777 1454 903 1495; x_wconf 84' lang='lat' dir='ltr'>quam</span> <span class='ocrx_word' id='word_1_162' title='bbox 925 1454 1070 1485; x_wconf 82' lang='lat' dir='ltr'>saevas</span> <span class='ocrx_word' id='word_1_163' title='bbox 1095 1449 1170 1485; x_wconf 89' lang='lat' dir='ltr'>etc.</span> <span class='ocrx_word' id='word_1_164' title='bbox 1230 1441 1356 1486; x_wconf 84' lang='lat' dir='ltr'>Verbi</span> <span class='ocrx_word' id='word_1_165' title='bbox 1386 1445 1575 1501; x_wconf 81' lang='grc' dir='ltr'><em>πρέπειν</em></span> <span class='ocrx_word' id='word_1_166' title='bbox 1603 1460 1728 1503; x_wconf 75' lang='lat' dir='ltr'>quarm</span> 
     </span>
     <span class='ocr_line' id='line_1_20' title="bbox 251 1509 1728 1568; baseline 0.002 -13"><span class='ocrx_word' id='word_1_167' title='bbox 251 1520 417 1568; x_wconf 88' lang='lat' dir='ltr'>etymon</span> <span class='ocrx_word' id='word_1_168' title='bbox 448 1512 629 1565; x_wconf 84' lang='lat' dir='ltr'>ignotum</span> <span class='ocrx_word' id='word_1_169' title='bbox 661 1509 735 1557; x_wconf 90' lang='lat' dir='ltr'>sit,</span> <span class='ocrx_word' id='word_1_170' title='bbox 762 1521 846 1550; x_wconf 86' lang='lat' dir='ltr'>non</span> <span class='ocrx_word' id='word_1_171' title='bbox 875 1521 1093 1564; x_wconf 88' lang='lat' dir='ltr'>possumus</span> <span class='ocrx_word' id='word_1_172' title='bbox 1118 1509 1308 1565; x_wconf 81' lang='lat' dir='ltr'>Judicare</span> <span class='ocrx_word' id='word_1_173' title='bbox 1338 1523 1454 1562; x_wconf 85' lang='lat' dir='ltr'>num,</span> <span class='ocrx_word' id='word_1_174' title='bbox 1489 1513 1528 1555; x_wconf 85' lang='lat' dir='ltr'>si</span> <span class='ocrx_word' id='word_1_175' title='bbox 1556 1513 1728 1567; x_wconf 79' lang='grc' dir='ltr'><em>πρέπει</em></span> 
     </span>
     <span class='ocr_line' id='line_1_21' title="bbox 248 1571 1725 1637; baseline 0.001 -15"><span class='ocrx_word' id='word_1_176' title='bbox 248 1576 332 1636; x_wconf 86' lang='grc' dir='ltr'>βοή</span> <span class='ocrx_word' id='word_1_177' title='bbox 375 1578 523 1621; x_wconf 85' lang='lat' dir='ltr'>dicitur</span> <span class='ocrx_word' id='word_1_178' title='bbox 550 1574 667 1617; x_wconf 90' lang='lat' dir='ltr'>Pind.</span> <span class='ocrx_word' id='word_1_179' title='bbox 700 1572 816 1616; x_wconf 89' lang='lat' dir='ltr'>Nem.</span> <span class='ocrx_word' id='word_1_180' title='bbox 846 1571 917 1615; x_wconf 92' lang='grc' dir='ltr'><strong>ΙΙΙ.</strong></span> <span class='ocrx_word' id='word_1_181' title='bbox 949 1573 1014 1616; x_wconf 79' lang='grc'>18.</span> <span class='ocrx_word' id='word_1_182' title='bbox 1055 1581 1094 1618; x_wconf 83' lang='lat' dir='ltr'>et</span> <span class='ocrx_word' id='word_1_183' title='bbox 1123 1571 1263 1629; x_wconf 73' lang='grc' dir='ltr'><em>ἀτμὸς</em></span> <span class='ocrx_word' id='word_1_184' title='bbox 1292 1575 1341 1619; x_wconf 78' lang='grc' dir='ltr'>ἐκ</span> <span class='ocrx_word' id='word_1_185' title='bbox 1378 1574 1532 1635; x_wconf 80' lang='grc' dir='ltr'><em>τάφου·</em></span> <span class='ocrx_word' id='word_1_186' title='bbox 1556 1579 1725 1637; x_wconf 78' lang='grc' dir='ltr'><em>πρέπει</em></span> 
     </span>
     <span class='ocr_line' id='line_1_22' title="bbox 248 1641 1723 1702; baseline 0 -13"><span class='ocrx_word' id='word_1_187' title='bbox 248 1646 399 1702; x_wconf 86' lang='lat' dir='ltr'>Agam.</span> <span class='ocrx_word' id='word_1_188' title='bbox 430 1641 553 1686; x_wconf 74' lang='lat'>1284.</span> <span class='ocrx_word' id='word_1_189' title='bbox 589 1642 752 1697; x_wconf 88' lang='lat' dir='ltr'>species</span> <span class='ocrx_word' id='word_1_190' title='bbox 784 1653 875 1683; x_wconf 86' lang='lat' dir='ltr'>cum</span> <span class='ocrx_word' id='word_1_191' title='bbox 904 1642 1044 1696; x_wconf 85' lang='lat' dir='ltr'>specie</span> <span class='ocrx_word' id='word_1_192' title='bbox 1082 1648 1330 1686; x_wconf 83' lang='lat' dir='ltr'>commutata</span> <span class='ocrx_word' id='word_1_193' title='bbox 1360 1655 1414 1686; x_wconf 86' lang='lat' dir='ltr'>an</span> <span class='ocrx_word' id='word_1_194' title='bbox 1443 1643 1524 1688; x_wconf 85' lang='lat' dir='ltr'>hoc</span> <span class='ocrx_word' id='word_1_195' title='bbox 1551 1645 1723 1689; x_wconf 82' lang='lat' dir='ltr'>verbum</span> 
     </span>
     <span class='ocr_line' id='line_1_23' title="bbox 245 1706 1722 1766; baseline 0.001 -11"><span class='ocrx_word' id='word_1_196' title='bbox 245 1720 397 1755; x_wconf 86' lang='lat' dir='ltr'>natura</span> <span class='ocrx_word' id='word_1_197' title='bbox 435 1722 512 1753; x_wconf 84' lang='lat' dir='ltr'>sua</span> <span class='ocrx_word' id='word_1_198' title='bbox 556 1707 744 1752; x_wconf 91' lang='lat' dir='ltr'>omnibus</span> <span class='ocrx_word' id='word_1_199' title='bbox 789 1706 982 1750; x_wconf 89' lang='lat' dir='ltr'>sensibus</span> <span class='ocrx_word' id='word_1_200' title='bbox 1021 1708 1253 1764; x_wconf 84' lang='lat' dir='ltr'>aequaliter</span> <span class='ocrx_word' id='word_1_201' title='bbox 1296 1715 1434 1766; x_wconf 84' lang='lat' dir='ltr'>aptum</span> <span class='ocrx_word' id='word_1_202' title='bbox 1477 1713 1532 1755; x_wconf 87' lang='lat' dir='ltr'>sit</span> <span class='ocrx_word' id='word_1_203' title='bbox 1557 1714 1635 1766; x_wconf 62' lang='lat' dir='ltr'>&gt;sic</span> <span class='ocrx_word' id='word_1_204' title='bbox 1677 1719 1722 1757; x_wconf 81' lang='lat' dir='ltr'>ut</span> 
     </span>
     <span class='ocr_line' id='line_1_24' title="bbox 248 1774 1722 1832; baseline 0 -9"><span class='ocrx_word' id='word_1_205' title='bbox 248 1776 576 1827; x_wconf 70' lang='grc' dir='ltr'><em>αἰσθάνεσθαι,</em></span> <span class='ocrx_word' id='word_1_206' title='bbox 619 1774 728 1831; x_wconf 89' lang='lat' dir='ltr'>quod</span> <span class='ocrx_word' id='word_1_207' title='bbox 768 1774 969 1816; x_wconf 86' lang='lat' dir='ltr'>interdum</span> <span class='ocrx_word' id='word_1_208' title='bbox 1008 1787 1033 1817; x_wconf 85' lang='lat' dir='ltr'>a</span> <span class='ocrx_word' id='word_1_209' title='bbox 1062 1774 1254 1830; x_wconf 87' lang='lat' dir='ltr'>generali</span> <span class='ocrx_word' id='word_1_210' title='bbox 1294 1777 1596 1832; x_wconf 84' lang='lat' dir='ltr'>significatione</span> <span class='ocrx_word' id='word_1_211' title='bbox 1635 1786 1722 1824; x_wconf 82' lang='lat' dir='ltr'>tra·</span> 
     </span>
     <span class='ocr_line' id='line_1_25' title="bbox 246 1838 1722 1902; baseline 0.001 -13"><span class='ocrx_word' id='word_1_212' title='bbox 246 1847 407 1889; x_wconf 84' lang='lat' dir='ltr'>ducitur</span> <span class='ocrx_word' id='word_1_213' title='bbox 442 1844 495 1887; x_wconf 88' lang='lat' dir='ltr'>ad</span> <span class='ocrx_word' id='word_1_214' title='bbox 533 1841 761 1892; x_wconf 85' lang='lat' dir='ltr'>definitam,</span> <span class='ocrx_word' id='word_1_215' title='bbox 799 1838 1103 1885; x_wconf 69' lang='grc' dir='ltr'><em>αἰσθάνεσθαι</em></span> <span class='ocrx_word' id='word_1_216' title='bbox 1131 1845 1242 1900; x_wconf 83' lang='grc' dir='ltr'><strong><em>βοῆς</em></strong></span> <span class='ocrx_word' id='word_1_217' title='bbox 1268 1843 1337 1887; x_wconf 85' lang='lat' dir='ltr'>vel</span> <span class='ocrx_word' id='word_1_218' title='bbox 1366 1840 1530 1902; x_wconf 81' lang='grc' dir='ltr'><em>ὀσμῆς,</em></span> <span class='ocrx_word' id='word_1_219' title='bbox 1569 1848 1722 1891; x_wconf 72' lang='lat' dir='ltr'>sentire</span> 
     </span>
     <span class='ocr_line' id='line_1_26' title="bbox 246 1906 1717 1969; baseline 0.001 -13"><span class='ocrx_word' id='word_1_220' title='bbox 246 1916 431 1956; x_wconf 80' lang='lat' dir='ltr'>sonitum</span> <span class='ocrx_word' id='word_1_221' title='bbox 459 1910 592 1952; x_wconf 80' lang='lat' dir='ltr'>Plaut.</span> <span class='ocrx_word' id='word_1_222' title='bbox 623 1907 743 1950; x_wconf 81' lang='lat' dir='ltr'>Cure.</span> <span class='ocrx_word' id='word_1_223' title='bbox 773 1906 804 1949; x_wconf 92' lang='lat' dir='ltr'>I.</span> <span class='ocrx_word' id='word_1_224' title='bbox 833 1909 874 1958; x_wconf 87' lang='grc'>2,</span> <span class='ocrx_word' id='word_1_225' title='bbox 900 1908 967 1950; x_wconf 83' lang='grc'>69.</span> <span class='ocrx_word' id='word_1_226' title='bbox 1027 1907 1131 1952; x_wconf 88' lang='lat' dir='ltr'>Hinc</span> <span class='ocrx_word' id='word_1_227' title='bbox 1162 1911 1337 1965; x_wconf 82' lang='lat' dir='ltr'>emergit</span> <span class='ocrx_word' id='word_1_228' title='bbox 1367 1909 1445 1954; x_wconf 84' lang='lat' dir='ltr'>illa</span> <span class='ocrx_word' id='word_1_229' title='bbox 1475 1912 1717 1969; x_wconf 75' lang='grc' dir='ltr'><em>μεταφορὰ</em></span> 
     </span>
     <span class='ocr_line' id='line_1_27' title="bbox 245 1969 1716 2033; baseline -0.001 -11"><span class='ocrx_word' id='word_1_230' title='bbox 245 1977 337 2022; x_wconf 75' lang='grc' dir='ltr'><em>ἀπὸ</em></span> <span class='ocrx_word' id='word_1_231' title='bbox 377 1978 528 2033; x_wconf 74' lang='grc' dir='ltr'><em>γένους</em></span> <span class='ocrx_word' id='word_1_232' title='bbox 560 1974 635 2019; x_wconf 76' lang='grc' dir='ltr'><em>ἐπὶ</em></span> <span class='ocrx_word' id='word_1_233' title='bbox 674 1969 793 2023; x_wconf 82' lang='grc' dir='ltr'><em>εἶδος</em></span> <span class='ocrx_word' id='word_1_234' title='bbox 823 1980 865 2016; x_wconf 89' lang='lat' dir='ltr'>ut</span> <span class='ocrx_word' id='word_1_235' title='bbox 897 1974 1146 2018; x_wconf 86' lang='lat' dir='ltr'>Aristoteles</span> <span class='ocrx_word' id='word_1_236' title='bbox 1176 1983 1297 2020; x_wconf 83' lang='lat' dir='ltr'>vocat</span> <span class='ocrx_word' id='word_1_237' title='bbox 1328 1976 1443 2021; x_wconf 87' lang='lat' dir='ltr'>Poet.</span> <span class='ocrx_word' id='word_1_238' title='bbox 1473 1991 1509 2021; x_wconf 85' lang='lat' dir='ltr'>o.</span> <span class='ocrx_word' id='word_1_239' title='bbox 1539 1976 1657 2021; x_wconf 87' lang='lat' dir='ltr'>XXI.</span> <span class='ocrx_word' id='word_1_240' title='bbox 1689 1993 1716 2023; x_wconf 81' lang='lat' dir='ltr'>a</span> 
     </span>
     <span class='ocr_line' id='line_1_28' title="bbox 245 2041 1715 2099; baseline 0.001 -11"><span class='ocrx_word' id='word_1_241' title='bbox 245 2044 537 2088; x_wconf 82' lang='lat' dir='ltr'>Grammaticis</span> <span class='ocrx_word' id='word_1_242' title='bbox 588 2041 887 2097; x_wconf 80' lang='lat' dir='ltr'>praetermissa</span> <span class='ocrx_word' id='word_1_243' title='bbox 927 2053 1006 2083; x_wconf 86' lang='lat' dir='ltr'>nec</span> <span class='ocrx_word' id='word_1_244' title='bbox 1058 2055 1310 2099; x_wconf 81' lang='lat' dir='ltr'>magnopere</span> <span class='ocrx_word' id='word_1_245' title='bbox 1354 2045 1715 2089; x_wconf 81' lang='lat' dir='ltr'>animadversione</span> 
     </span>
     <span class='ocr_line' id='line_1_29' title="bbox 243 2113 383 2155; baseline -0.007 0"><span class='ocrx_word' id='word_1_246' title='bbox 243 2113 281 2155; x_wconf 86' lang='lat' dir='ltr'>di</span> <span class='ocrx_word' id='word_1_247' title='bbox 316 2124 383 2155; x_wconf 88' lang='lat' dir='ltr'>na.</span> 
     </span>
    </p>

    <p class='ocr_par' dir='ltr' id='par_1_3' title="bbox 236 2125 1724 2635">
     <span class='ocr_line' id='line_1_30' title="bbox 285 2125 1712 2234; baseline 0.001 -14"><span class='ocrx_word' id='word_1_248' title='bbox 285 2125 314 2168; x_wconf 73' lang='lat' dir='ltr'>g</span> <span class='ocrx_word' id='word_1_249' title='bbox 354 2179 390 2233; x_wconf 57' lang='grc' dir='ltr'>ᾗ.</span> <span class='ocrx_word' id='word_1_250' title='bbox 422 2177 463 2220; x_wconf 88' lang='grc'>4.</span> <span class='ocrx_word' id='word_1_251' title='bbox 520 2174 669 2218; x_wconf 90' lang='lat' dir='ltr'>Verbis</span> <span class='ocrx_word' id='word_1_252' title='bbox 699 2187 893 2217; x_wconf 91' lang='lat' dir='ltr'>sensuum</span> <span class='ocrx_word' id='word_1_253' title='bbox 913 2175 1176 2231; x_wconf 75' lang='lat' dir='ltr'>adJungenda</span> <span class='ocrx_word' id='word_1_254' title='bbox 1205 2182 1298 2225; x_wconf 82' lang='lat' dir='ltr'>sunt</span> <span class='ocrx_word' id='word_1_255' title='bbox 1317 2175 1535 2231; x_wconf 84' lang='lat' dir='ltr'>adjectiva,</span> <span class='ocrx_word' id='word_1_256' title='bbox 1564 2177 1712 2234; x_wconf 87' lang='lat' dir='ltr'>quibus</span> 
     </span>
     <span class='ocr_line' id='line_1_31' title="bbox 240 2240 1712 2297; baseline -0.001 -7"><span class='ocrx_word' id='word_1_257' title='bbox 240 2260 310 2290; x_wconf 89' lang='lat' dir='ltr'>res</span> <span class='ocrx_word' id='word_1_258' title='bbox 343 2243 569 2288; x_wconf 88' lang='lat' dir='ltr'>sensibiles</span> <span class='ocrx_word' id='word_1_259' title='bbox 600 2240 909 2297; x_wconf 82' lang='lat' dir='ltr'>significantur3</span> <span class='ocrx_word' id='word_1_260' title='bbox 948 2254 1045 2283; x_wconf 86' lang='lat' dir='ltr'>nam</span> <span class='ocrx_word' id='word_1_261' title='bbox 1074 2248 1114 2284; x_wconf 88' lang='lat' dir='ltr'>et</span> <span class='ocrx_word' id='word_1_262' title='bbox 1147 2241 1253 2285; x_wconf 86' lang='lat' dir='ltr'>haec</span> <span class='ocrx_word' id='word_1_263' title='bbox 1290 2243 1492 2286; x_wconf 86' lang='lat' dir='ltr'>interdum</span> <span class='ocrx_word' id='word_1_264' title='bbox 1528 2245 1636 2288; x_wconf 87' lang='lat' dir='ltr'>inter</span> <span class='ocrx_word' id='word_1_265' title='bbox 1664 2257 1712 2294; x_wconf 80' lang='lat' dir='ltr'>se</span> 
     </span>
     <span class='ocr_line' id='line_1_32' title="bbox 238 2306 1724 2370; baseline -0.001 -14"><span class='ocrx_word' id='word_1_266' title='bbox 238 2312 464 2370; x_wconf 85' lang='lat' dir='ltr'>permutari</span> <span class='ocrx_word' id='word_1_267' title='bbox 485 2309 880 2367; x_wconf 83' lang='lat' dir='ltr'>hypomnematistae</span> <span class='ocrx_word' id='word_1_268' title='bbox 906 2306 1120 2351; x_wconf 83' lang='lat' dir='ltr'>affirmant.</span> <span class='ocrx_word' id='word_1_269' title='bbox 1160 2307 1301 2352; x_wconf 88' lang='lat' dir='ltr'>Schol.</span> <span class='ocrx_word' id='word_1_270' title='bbox 1322 2307 1432 2352; x_wconf 87' lang='lat' dir='ltr'>XIV.</span> <span class='ocrx_word' id='word_1_271' title='bbox 1450 2310 1544 2354; x_wconf 88' lang='lat'>172.</span> <span class='ocrx_word' id='word_1_272' title='bbox 1574 2310 1724 2369; x_wconf 54' lang='grc' dir='ltr'>ἐλαίῳΧ</span> 
     </span>
     <span class='ocr_line' id='line_1_33' title="bbox 241 2371 1712 2436; baseline -0.001 -13"><span class='ocrx_word' id='word_1_273' title='bbox 241 2379 385 2436; x_wconf 72' lang='grc' dir='ltr'><em>ἑδανῷ</em></span> <span class='ocrx_word' id='word_1_274' title='bbox 401 2402 452 2408; x_wconf 92' lang='lat'>—-</span> <span class='ocrx_word' id='word_1_275' title='bbox 471 2380 533 2434; x_wconf 80' lang='grc' dir='ltr'>τῷ</span> <span class='ocrx_word' id='word_1_276' title='bbox 575 2373 759 2420; x_wconf 77' lang='grc' dir='ltr'><em>εὐώδει·</em></span> <span class='ocrx_word' id='word_1_277' title='bbox 802 2371 845 2418; x_wconf 76' lang='grc' dir='ltr'>οἱ</span> <span class='ocrx_word' id='word_1_278' title='bbox 876 2373 924 2417; x_wconf 77' lang='grc' dir='ltr'>δὲ</span> <span class='ocrx_word' id='word_1_279' title='bbox 959 2371 1059 2430; x_wconf 83' lang='grc' dir='ltr'><em>ἡδεῖ</em></span> <span class='ocrx_word' id='word_1_280' title='bbox 1091 2373 1259 2429; x_wconf 81' lang='grc' dir='ltr'><em>γνίκαις</em></span> <span class='ocrx_word' id='word_1_281' title='bbox 1290 2374 1518 2420; x_wconf 54' lang='lat' dir='ltr'>&amp;uesicam</span> <span class='ocrx_word' id='word_1_282' title='bbox 1546 2373 1712 2435; x_wconf 49' lang='grc' dir='ltr'><em>αἰσθήὴ</em></span> 
     </span>
     <span class='ocr_line' id='line_1_34' title="bbox 239 2440 1708 2498; baseline -0.001 -9"><span class='ocrx_word' id='word_1_283' title='bbox 239 2461 370 2495; x_wconf 82' lang='grc' dir='ltr'><em>σεως,</em></span> <span class='ocrx_word' id='word_1_284' title='bbox 411 2444 482 2486; x_wconf 91' lang='lat' dir='ltr'>ubi</span> <span class='ocrx_word' id='word_1_285' title='bbox 515 2445 558 2486; x_wconf 90' lang='lat' dir='ltr'>in</span> <span class='ocrx_word' id='word_1_286' title='bbox 590 2441 759 2498; x_wconf 83' lang='lat' dir='ltr'>syllaba</span> <span class='ocrx_word' id='word_1_287' title='bbox 795 2457 889 2496; x_wconf 81' lang='grc' dir='ltr'><em>γνικ</em></span> <span class='ocrx_word' id='word_1_288' title='bbox 916 2440 985 2483; x_wconf 83' lang='lat' dir='ltr'>vel</span> <span class='ocrx_word' id='word_1_289' title='bbox 1015 2445 1195 2496; x_wconf 77' lang='grc' dir='ltr'><em>γενικῶς</em></span> <span class='ocrx_word' id='word_1_290' title='bbox 1222 2442 1420 2487; x_wconf 68' lang='lat' dir='ltr'>latetvel</span> <span class='ocrx_word' id='word_1_291' title='bbox 1455 2443 1626 2498; x_wconf 70' lang='grc' dir='ltr'><em>γλυκεῖ,</em></span> <span class='ocrx_word' id='word_1_292' title='bbox 1665 2445 1708 2488; x_wconf 85' lang='lat' dir='ltr'>in</span> 
     </span>
     <span class='ocr_line' id='line_1_35' title="bbox 236 2507 1708 2570; baseline -0.001 -15"><span class='ocrx_word' id='word_1_293' title='bbox 236 2513 433 2570; x_wconf 86' lang='lat' dir='ltr'>proximis</span> <span class='ocrx_word' id='word_1_294' title='bbox 464 2508 696 2564; x_wconf 75' lang='grc' dir='ltr'><em>αἴσθησις,</em></span> <span class='ocrx_word' id='word_1_295' title='bbox 737 2508 942 2550; x_wconf 84' lang='lat' dir='ltr'>sententia</span> <span class='ocrx_word' id='word_1_296' title='bbox 979 2515 1114 2551; x_wconf 85' lang='lat' dir='ltr'>autem</span> <span class='ocrx_word' id='word_1_297' title='bbox 1143 2516 1287 2565; x_wconf 82' lang='lat' dir='ltr'>aperta</span> <span class='ocrx_word' id='word_1_298' title='bbox 1312 2515 1397 2561; x_wconf 89' lang='lat' dir='ltr'>est,</span> <span class='ocrx_word' id='word_1_299' title='bbox 1428 2508 1536 2554; x_wconf 86' lang='lat' dir='ltr'>alios</span> <span class='ocrx_word' id='word_1_300' title='bbox 1569 2507 1708 2568; x_wconf 74' lang='grc' dir='ltr'><em>ἑδανῷ</em></span> 
     </span>
     <span class='ocr_line' id='line_1_36' title="bbox 238 2573 1706 2635; baseline -0.003 -12"><span class='ocrx_word' id='word_1_301' title='bbox 238 2579 453 2635; x_wconf 83' lang='lat' dir='ltr'>accepisse</span> <span class='ocrx_word' id='word_1_302' title='bbox 483 2589 557 2633; x_wconf 89' lang='lat' dir='ltr'>pro</span> <span class='ocrx_word' id='word_1_303' title='bbox 586 2573 695 2633; x_wconf 78' lang='grc' dir='ltr'><em>ἡδεῖ,</em></span> <span class='ocrx_word' id='word_1_304' title='bbox 727 2575 835 2617; x_wconf 85' lang='lat' dir='ltr'>alios</span> <span class='ocrx_word' id='word_1_305' title='bbox 866 2588 939 2630; x_wconf 90' lang='lat' dir='ltr'>pro</span> <span class='ocrx_word' id='word_1_306' title='bbox 961 2573 1109 2631; x_wconf 77' lang='grc' dir='ltr'><em>ἑδανῷ,</em></span> <span class='ocrx_word' id='word_1_307' title='bbox 1140 2588 1306 2619; x_wconf 86' lang='lat' dir='ltr'>sensum</span> <span class='ocrx_word' id='word_1_308' title='bbox 1335 2589 1409 2633; x_wconf 88' lang='lat' dir='ltr'>pro</span> <span class='ocrx_word' id='word_1_309' title='bbox 1439 2589 1566 2623; x_wconf 83' lang='lat' dir='ltr'>sensu</span> <span class='ocrx_word' id='word_1_310' title='bbox 1595 2590 1706 2628; x_wconf 53' lang='lat' dir='ltr'>sum-„</span> 
     </span>
    </p>
   </div>
   <div class='ocr_carea' id='block_1_3' title="bbox 1696 476 1728 1281">
    <p class='ocr_par' dir='ltr' id='par_1_4' title="bbox 1696 476 1728 1281">
     <span class='ocr_line' id='line_1_37' title="bbox 1708 476 1728 672; baseline -1.2 -56"><span class='ocrx_word' id='word_1_311' title='bbox 1708 476 1728 672; x_wconf 95' lang='lat' dir='ltr'>   </span> 
     </span>
     <span class='ocr_line' id='line_1_38' title="bbox 1696 672 1728 858; baseline 0 -50"><span class='ocrx_word' id='word_1_312' title='bbox 1696 672 1728 858; x_wconf 95' lang='lat' dir='ltr'>    </span> 
     </span>
     <span class='ocr_line' id='line_1_39' title="bbox 1705 858 1728 1056; baseline 0 0"><span class='ocrx_word' id='word_1_313' title='bbox 1705 858 1728 1056; x_wconf 95' lang='lat' dir='ltr'>    </span> 
     </span>
     <span class='ocr_line' id='line_1_40' title="bbox 1703 1056 1728 1209; baseline 0 -62"><span class='ocrx_word' id='word_1_314' title='bbox 1703 1056 1728 1209; x_wconf 95' lang='lat' dir='ltr'>    </span> 
     </span>
     <span class='ocr_line' id='line_1_41' title="bbox 1700 1209 1728 1281; baseline 0 -14"><span class='ocrx_word' id='word_1_315' title='bbox 1700 1209 1728 1281; x_wconf 95' lang='lat' dir='ltr'>  </span> 
     </span>
    </p>
   </div>
   <div class='ocr_carea' id='block_1_4' title="bbox 234 2641 1703 2768">
    <p class='ocr_par' dir='ltr' id='par_1_5' title="bbox 234 2641 1703 2768">
     <span class='ocr_line' id='line_1_42' title="bbox 235 2641 1703 2698; baseline -0.001 -10"><span class='ocrx_word' id='word_1_316' title='bbox 235 2655 316 2688; x_wconf 80' lang='lat' dir='ltr'>tum</span> <span class='ocrx_word' id='word_1_317' title='bbox 347 2652 460 2687; x_wconf 75' lang='lat' dir='ltr'>ratos</span> <span class='ocrx_word' id='word_1_318' title='bbox 490 2643 571 2686; x_wconf 88' lang='lat' dir='ltr'>hoc</span> <span class='ocrx_word' id='word_1_319' title='bbox 610 2649 672 2684; x_wconf 89' lang='lat' dir='ltr'>est</span> <span class='ocrx_word' id='word_1_320' title='bbox 700 2642 835 2685; x_wconf 89' lang='lat' dir='ltr'>oleum</span> <span class='ocrx_word' id='word_1_321' title='bbox 866 2654 1059 2698; x_wconf 82' lang='lat' dir='ltr'>saporum</span> <span class='ocrx_word' id='word_1_322' title='bbox 1088 2641 1170 2684; x_wconf 90' lang='lat' dir='ltr'>dici</span> <span class='ocrx_word' id='word_1_323' title='bbox 1210 2642 1284 2685; x_wconf 89' lang='lat' dir='ltr'>sed</span> <span class='ocrx_word' id='word_1_324' title='bbox 1314 2642 1492 2698; x_wconf 84' lang='lat' dir='ltr'>intelligi</span> <span class='ocrx_word' id='word_1_325' title='bbox 1519 2643 1703 2689; x_wconf 87' lang='lat' dir='ltr'>odorum.</span> 
     </span>
     <span class='ocr_line' id='line_1_43' title="bbox 234 2706 1702 2768; baseline 0 -15"><span class='ocrx_word' id='word_1_326' title='bbox 234 2712 370 2767; x_wconf 82' lang='lat' dir='ltr'>Vulgo</span> <span class='ocrx_word' id='word_1_327' title='bbox 396 2711 560 2768; x_wconf 87' lang='lat' dir='ltr'>quidem</span> <span class='ocrx_word' id='word_1_328' title='bbox 591 2706 744 2753; x_wconf 79' lang='grc' dir='ltr'><em>ἑδανόν</em></span> <span class='ocrx_word' id='word_1_329' title='bbox 773 2708 893 2751; x_wconf 85' lang='lat' dir='ltr'>edule</span> <span class='ocrx_word' id='word_1_330' title='bbox 929 2707 1154 2762; x_wconf 84' lang='lat' dir='ltr'>significat,</span> <span class='ocrx_word' id='word_1_331' title='bbox 1193 2721 1326 2764; x_wconf 86' lang='lat' dir='ltr'>neque</span> <span class='ocrx_word' id='word_1_332' title='bbox 1356 2722 1493 2754; x_wconf 86' lang='lat' dir='ltr'>sermo</span> <span class='ocrx_word' id='word_1_333' title='bbox 1523 2722 1702 2765; x_wconf 65' lang='lat' dir='ltr'>graecus</span> 
     </span>
    </p>
   </div>
  </div>
 </body>
</html>
