1728 3120
195 203 331 251 P.111.
362 204 408 250 C.
425 205 456 249 1.
505 203 577 248 DE
604 202 801 249 NOMIN.
831 201 998 247 TERT.
1033 202 1190 248 DEGL.
1224 205 1279 248 IN
1306 197 1369 258 ἆ.
1430 210 1532 258 307

108 296 146 317 ..Ι

39 327 229 392 ,ᾗίῧδην
266 327 334 376 δι’
379 328 477 383 ἑνὸς
510 320 551 376 ’ὅ
583 331 657 376 καὶ
691 331 891 390 βραχέως
922 328 997 374 καὶ
1027 329 1224 382 δασέως·
1266 330 1446 378 δασύνει
1483 334 1532 380 δὲ

40 443 41 448 ,
147 396 199 444 τὸ
230 396 353 452 ἅδος,
369 401 438 454 ²⁸)
467 398 579 457 quod
604 405 647 442 ut
676 399 835 443 faceret
854 398 973 442 nulla
1001 399 1109 442 ratio
1133 405 1223 442 erat
1246 401 1284 443 si
1309 399 1363 444 ab
1382 397 1528 458 ἂηδέω

22 502 23 508 ,
70 462 311 523 'aquagatmn
345 465 560 519 crederem
598 479 700 516 nec,
739 473 859 524 puto,
902 464 1013 526 ᾅδης
1039 466 1331 523 interpretatus
1362 475 1426 512 est
1456 468 1531 513 τὸν

22 523 44 591 ³5
121 536 156 578 ¹⁹.
214 532 403 579 Tertium
434 541 720 591 argumentum
750 540 828 586 est,
859 533 969 591 quod
994 532 1265 579 Grammatici
1295 535 1375 580 duo
1404 536 1528 581 modo

39 596 42 604 ’
77 611 97 646 ·,
134 601 400 660 'roparalecta
431 603 474 645 in
513 609 729 646 numerato
766 601 976 652 habuere,
1020 615 1142 644 unum
1177 604 1373 658 πρᾶγος,
1411 605 1528 660 cujus

124 671 199 713 's
231 668 365 726 longa
402 668 456 712 ab
493 667 665 713 Ionibus
703 670 747 712 in
785 675 855 712 eta
892 675 1051 712 mutata
1088 682 1299 727 syncopae
1339 669 1526 724 debetur,

52 736 54 738 ’
243 738 412 794 φᾶρος,
450 736 528 780 sed
564 736 645 781 hoc
678 749 807 794 saepe
838 742 1069 793 correptum
1100 749 1191 780 cum
1223 737 1275 780 ab
1318 737 1414 783 aliis
1441 745 1528 784 tum

22 847 41 871 ι,
86 802 356 861 >Callimacho
391 810 435 847 ut
463 805 642 860 conjicio
678 817 730 848 ex
758 803 904 846 Melet.
936 803 988 846 de
1022 802 1139 847 Hom.
1169 818 1208 862 p.
1235 803 1304 848 83.
1337 805 1416 849 τὸν
1444 808 1526 852 τοῦ

23 919 27 939 ⁶
75 867 378 931 φράγματος
407 867 548 925 ὑμένα
580 869 865 929 περίπεπλον
893 872 993 924 (scr.
1019 868 1306 928 περιτόναιον
1333 871 1530 928 λέγουσι)

80 948 106 976 if
150 936 201 983 τὸ
234 938 361 994 (adde
397 936 734 996 περιτείνεσθαι
767 938 863 992 καὶ)
901 938 1237 994 περιειλεῖσθαι
1269 935 1405 983 αὐτὸν
1433 943 1530 991 τοῖς

24 1056 26 1061 .
61 999 318 1062 ”λᾶγχνοις,
348 1002 378 1065 ἢ
407 1005 583 1051 πέπλον
608 1006 711 1061 (scr.
740 1004 980 1058 ἐπίπλουν)
1010 1002 1087 1047 διὰ
1110 1002 1161 1047 τὸ
1186 1002 1527 1061 ἒφαπλοῦσθαι,

75 1069 228 1124 ’πάτος
251 1070 349 1118 ἀπὸ
368 1076 451 1118 τοῦ
473 1075 715 1130 πεπῆχθαι
736 1071 812 1116 καί
833 1068 1176 1128 συνεσφίγχθαι,
1209 1071 1280 1116 ὁιό
1305 1071 1381 1117 καὶ
1405 1075 1528 1118 Καλ-

70 1143 73 1153 ”
114 1154 222 1195 αχος
259 1136 349 1198 ἔφη
371 1137 520 1196 ’Ἠρης
549 1136 682 1195 ἁγνὸν
707 1136 1006 1196 ὑφαινόμεναι
1041 1140 1146 1196 τῇσι
1169 1138 1340 1195 μέμηλε
1368 1138 1524 1193 πάτος.

79 1205 252 1251 letiam
280 1205 445 1264 quidem
471 1203 618 1262 πάγος
646 1207 872 1263 scripsisse
890 1204 959 1248 vel
990 1202 1135 1259 πάχος
1164 1207 1345 1250 ostendit
1368 1214 1528 1264 etymo-

86 1274 164 1326 ia,
193 1273 271 1318 sed
283 1279 468 1318 veterum
495 1273 677 1331 aliquem
697 1272 973 1331 diaphragma
989 1273 1052 1314 sic
1071 1284 1252 1316 vocasse
1281 1274 1383 1318 mihi
1403 1277 1526 1332 igno-

75 1363 105 1381 m
147 1347 190 1386 et
220 1340 480 1399 inopinabile
508 1347 595 1392 est3
639 1354 719 1385 nec
750 1340 928 1390 πέπλος
964 1338 1069 1381 illud
1100 1339 1250 1383 dicitur
1289 1341 1366 1385 sed
1392 1343 1525 1397 χιτὼν

67 1405 334 1468 ριτόναιος.
391 1407 678 1453 Callimachus
709 1414 847 1452 autem
871 1406 922 1450 de
954 1406 1077 1463 peplo
1108 1406 1183 1451 illo
1204 1407 1321 1465 loqui
1349 1410 1525 1463 videtur,

89 1489 155 1522 em
181 1466 400 1520 matronae
416 1474 642 1520 Elidenses
666 1473 714 1520 αἱ
738 1471 975 1519 ἑκκαίδεκα
993 1472 1265 1529 καλούμεναι
1287 1473 1528 1535 ὑφαίνουσι

76 1568 82 1581 .·
106 1541 232 1604 Ἥρᾳ
260 1541 387 1588 Paus.
411 1541 483 1586 v1.
513 1542 584 1595 24,
607 1543 649 1587 S.
706 1541 814 1586 Huic
846 1542 974 1597 igitur
1012 1539 1161 1599 φάρος
1197 1541 1347 1587 tribuo.
1408 1543 1528 1597 Quae

87 1663 89 1666 ,
108 1623 133 1656 o
157 1616 327 1669 praeter
346 1613 522 1668 πρᾶγος
543 1618 586 1655 et
603 1613 753 1669 φᾶρος
781 1608 1126 1653 circumferuntur
1142 1612 1527 1668 properispomena,

80 1691 110 1737 >o
130 1677 507 1722 Grammaticorum
529 1678 690 1735 Judicio
720 1678 765 1720 in
786 1689 988 1720 summam
1008 1677 1291 1732 suspicionem
1313 1678 1527 1724 adducun-

107 1761 120 1799 ς
151 1746 314 1805 δρᾶνος
341 1744 392 1789 τὸ
425 1742 555 1804 ἔργον
584 1744 748 1802 πρᾶξις
776 1743 876 1788 Hes.
913 1750 1128 1787 accentum
1159 1757 1187 1787 a
1214 1744 1528 1805 lexicographis

80 1835 88 1843 Α
113 1819 252 1871 eptum
280 1811 429 1864 habet,
466 1813 642 1869 πλᾶγος
669 1813 790 1868 regio
820 1812 864 1854 in
890 1810 1044 1854 Tabul.
1075 1810 1242 1855 Heracl.
1273 1826 1312 1870 p.
1342 1813 1439 1857 191.
1471 1814 1526 1858 ab

43 1938 46 1942 ⁴
104 1879 279 1932 toribus,
309 1882 380 1938 qui
410 1879 521 1938 quod
544 1885 752 1939 apponunt
776 1880 919 1934 playa,
952 1877 1078 1936 alpha
1104 1878 1233 1922 breve
1262 1879 1411 1933 habet3
1442 1887 1527 1926 ter-

105 1969 121 1987 ιι
146 1946 352 1992 Matthiae
374 1960 426 1991 ex
439 1945 554 1991 Eust.
579 1949 718 2004 posuit
731 1945 1031 1989 Eur.·Phoenn.
1047 1945 1145 1989 878.
1171 1944 1334 2002 πνεῦμ’
1361 1943 1527 2006 ἄθροι-

86 2036 94 2057 ι
139 2010 259 2066 ἆπος
287 2012 487 2070 ἐκβαλὼν
504 2011 629 2059 ὁδοῦ.
690 2013 871 2058 Codices
902 2015 1049 2063 κᾶπυς
1076 2011 1299 2070 ΡΥᾶθΒΘῙΙῑς
1331 2012 1529 2061 Scholio-

80 2079 218 2140 phus
251 2083 410 2133 κᾶπος,
438 2082 583 2139 inquit,
613 2083 688 2126 νῦν
716 2078 794 2124 τὸν
825 2075 1024 2134 κάματον
1053 2076 1081 2137 ἢ
1111 2077 1161 2123 τὸ
1184 2075 1276 2124 ἀπὸ
1307 2083 1388 2139 τῆς
1414 2081 1527 2128 δ’ὁου

90 2153 212 2206 Qua,
250 2143 381 2194 ἄλλοι
405 2147 455 2194 δὲ
485 2143 604 2200 ἇπος
634 2148 685 2193 τὸ
719 2145 863 2206 ὕψος,
900 2148 977 2191 νῦν
1004 2146 1054 2191 δὲ
1085 2152 1446 2206 καταχρηστικῶς
1473 2150 1524 2194 τὸ

71 2229 198 2268 κος,
235 2215 387 2274 quihus
423 2215 632 2260 indicatur
670 2217 879 2272 scriptura
913 2213 1065 2272 duplex
1101 2217 1250 2265 κᾶπος
1286 2214 1446 2260 halitus
1487 2224 1529 2261 et

123 2298 174 2334 ος
208 2284 238 2327 i.
268 2296 307 2339 q.
347 2281 480 2339 ὕψος.
539 2281 648 2327 Illud
684 2296 770 2327 non
807 2282 961 2338 legitur
999 2293 1134 2337 neque
1172 2281 1353 2338 intelligi
1390 2289 1528 2340 potest

89 2347 243 2395 ιωοᾱο
264 2362 297 2393 a
325 2346 496 2401 κάπτω,
528 2347 746 2395 καπύσσω
765 2350 886 2392 nasci
911 2350 1089 2406 potuerit
1114 2349 1527 2406 macroparalecton3

126 2430 180 2461 ne
209 2415 358 2467 κόπος
395 2416 562 2474 quidem
600 2423 714 2462 extat
746 2417 830 2460 nisi
871 2415 980 2474 apud
1011 2414 1317 2460 Grammaticos
1355 2423 1396 2460 et
1426 2416 1525 2462 Sch.

88 2485 212 2529 sian.
241 2481 293 2527 H.
316 2481 504 2527 111.114.
536 2482 685 2536 κόπος
707 2482 759 2528 τό
789 2485 964 2538 πνεῦμα
994 2482 1208 2528 subtracta
1227 2485 1398 2539 generis
1427 2492 1528 2529 nota

107 2558 284 2598 accentu
305 2563 358 2595 eo
385 2564 507 2608 quem
526 2549 740 2611 Euripidis
771 2565 919 2596 versus
949 2554 1119 2609 respuit.
1178 2550 1380 2595 Praesero
1399 2553 1528 2608 igitur

103 2619 148 2664 ·d
164 2617 427 2664 Hei-mannus
444 2618 575 2663 edidit
600 2617 738 2672 αἶπος
755 2620 796 2664 h.
817 2633 853 2663 e.
885 2618 1150 2677 ὁυςχέρειαν.
1169 2643 1226 2651 -
1253 2617 1318 2662 De
1339 2619 1528 2664 secunda

127 2755 191 2802 26)
222 2756 335 2797 Quod
356 2755 392 2792 ln
416 2755 527 2793 Thes.
562 2758 599 2793 in
624 2756 734 2794 fidem
769 2757 960 2793 brevitatis
986 2755 1137 2792 affertur
1168 2751 1260 2797 ἅδος
1289 2768 1335 2793 ex
1360 2759 1444 2794 Arc.
1471 2758 1529 2795 47.

47 2856 49 2863 Ι
99 2811 220 2862 μάθος
241 2814 474 2852 scribendum
499 2822 576 2859 est3
603 2828 686 2852 nam
709 2816 755 2851 de
779 2814 986 2850 masculinis
1008 2814 1137 2860 agitur.

1160 2870 1251 2913 20*
