1728 3120
216 190 314 236 244
650 181 1118 226 DISSERTATIO
1166 180 1256 225 XV.

219 312 413 355 asciverit
442 322 515 365 pro
543 306 731 365 ἀφρίζω.
751 333 805 338 -—
843 307 983 350 Verba
1016 310 1058 350 iu
1081 297 1212 352 W
1240 301 1685 366 excludit'Grammati-

217 391 356 422 corum
382 376 570 419 rubrica:
609 375 664 418 τὰ
697 376 772 420 διὰ
802 379 881 420 τοῦ
903 367 966 420 ὦ
995 374 1169 434 ῥήματα
1206 374 1256 429 (ἐξ
1282 374 1512 435 φωνήεντα
1539 395 1685 435 παρα-

216 441 443 499 λαμβάνει,
474 439 694 506 ἆλλάσσρ,
725 443 945 500 πυρέσσω,
976 441 1172 500 πτήσσω,
1190 444 1231 497 ⁵)
1257 441 1685 502 δεδίσσω,,ἆ“φύσσω,

218 510 455 570 ἇγρώσσω·
486 511 535 554 τὸ
569 510 618 554 δὲ
647 526 671 554 ο
703 506 782 552 οὐκ
809 507 896 563 ἔχει
916 508 1032 554 Suid.
1063 524 1095 554 s.
1126 510 1330 556 Δεδίσσω
1360 518 1400 556 et
1419 510 1555 556 (Σῐωη.
1571 511 1602 554 Ι.
1618 513 1684 555 26.

218 579 269 621 cf.
300 579 354 621 ad
383 578 533 633 Phryn.
567 576 662 620 608.

328 679 364 732 ς.
395 679 435 720 3.
483 675 607 726 ‚Ordo
629 678 843 732 seriesque
874 676 1161 734 disputationis
1190 691 1268 721 nos
1288 677 1455 722 deduxit
1483 679 1537 722 ad
1554 679 1686 723 verba

216 750 258 790 in
300 763 418 791 υσσω
459 748 675 797 exeuntia,
714 758 885 801 quorum
922 746 1048 789 multa
1086 745 1289 790 Technici
1325 761 1352 791 a
1386 748 1501 805 puris
1539 737 1687 791 eadem

216 815 355 859 vocali
385 813 611 871 praefinitis
646 818 854 868 repetunt:
896 808 1082 869 ἆφύσσω
1113 812 1162 856 ἐκ
1190 815 1268 856 τοῦ
1304 809 1435 872 ἆφύω
1477 810 1537 864 ὥς
1564 811 1690 863 ὗλάω

216 878 410 932 ὕλάσσω,
442 877 559 924 ὀὸύω
592 875 767 922 ὅόύσσω
796 876 896 920 Lex.
928 877 978 920 de
1002 876 1110 934 Spir.
1126 879 1222 921 231.
1252 877 1388 923 Cram.
1414 878 1446 922 Ι.
1469 880 1537 923 63.
1570 878 1689 923 Eust.

217 947 291 997 68,
323 947 389 988 12.
448 946 649 989 Postremi
691 944 861 1000 obliqua
901 944 1022 987 modo
1055 951 1241 1002 tempora
1277 947 1537 990 innotuerunt
1575 942 1693 990 ὠόύ-ζ

219 1029 327 1056 σατο
358 1020 398 1055 et
426 1009 692 1059 ὀδώδυσται,
730 1023 780 1052 ex
810 1009 957 1063 quibus
985 1010 1118 1053 forma
1156 1015 1387 1068 praesentis
1416 1026 1500 1056 non
1532 1026 1683 1068 cogno->

218 1080 356 1123 scitur.
408 1075 561 1134 Ἀφύω
598 1091 681 1120 ιιοιι
720 1076 872 1131 legitur
910 1076 983 1118 sed
1020 1081 1249 1134 composita
1285 1076 1465 1136 ἐξαφύω
1503 1085 1543 1122 et
1581 1076 1691 1127 bne<

218 1142 388 1201 ξαφύω,
418 1143 566 1200 quibus
596 1149 814 1198 cognatum
839 1155 933 1184 esse
964 1138 1086 1199 ἇρύω
1119 1144 1343 1187 similitudo
1373 1144 1692 1200 significationis

219 1211 406 1254 declarat
434 1223 517 1253 non
538 1209 669 1252 solum
695 1211 887 1265 propriae
919 1209 992 1251 sed
1024 1210 1148 1252 etiam
1174 1211 1403 1254 translatae
1428 1218 1469 1254 ut
1487 1210 1690 1254 Homerus

218 1278 319 1320 dixit
343 1274 416 1319 διά
445 1273 490 1318 τ’
522 1274 674 1332 ἔντερα
698 1274 858 1328 χαλκὸς
881 1270 1039 1331 ἤφυσε,
1069 1274 1270 1331 Virgilius
1295 1290 1394 1320 vero
1417 1279 1556 1331 qladio
1581 1279 1692 1321 latus

218 1346 362 1387 haurit
384 1350 574 1396 apertum
592 1349 632 1384 et
650 1341 840 1384 similiter
858 1341 943 1383 alii.
993 1339 1077 1390 Sed
1103 1338 1354 1398 ἇρύσσομαι
1375 1343 1515 1387 dubito
1536 1357 1590 1387 an
1607 1357 1691 1388 uno

218 1409 416 1453 Herodoti
433 1409 542 1460 loco,
573 1422 693 1464 quem
721 1408 902 1450 indicavi
924 1406 1032 1449 Diss.
1049 1406 1114 1448 lV.
1143 1408 1179 1462 ξ.
1194 1407 1234 1451 4.
1265 1423 1347 1452 non
1366 1411 1469 1453 satis
1495 1412 1690 1455 munitum

219 1477 295 1527 sit3
324 1487 420 1517 nam
439 1470 689 1531 ἆρήρυγμαι
705 1487 756 1516 ne
783 1474 1007 1528 analogiae
1024 1474 1186 1530 quidem
1203 1478 1454 1519 examussim
1468 1477 1691 1534 respondet

216 1556 254 1586 v.
280 1542 333 1584 ad
351 1541 502 1596 Phryn.
532 1554 570 1596 p.
587 1541 654 1582 32.
703 1540 830 1582 Aliud
847 1540 926 1583 huc
947 1539 1113 1583 adhibet
1132 1538 1263 1584 Orion
1277 1542 1346 1594 65,
1369 1542 1410 1585 8.
1440 1540 1597 1586 καπύω
1617 1542 1691 1586 καὶ

219 1605 432 1651 καπύσσω
450 1603 508 1656 ὥς
523 1601 724 1662 ἆφύσσω,
756 1607 831 1649 sed
847 1620 897 1649 ex
913 1607 1068 1650 aoristo
1086 1604 1309 1651 ἐκάπυσσε
1324 1621 1408 1652 non
1421 1608 1551 1665 liquet
1564 1605 1695 1666 quae·->

216 1687 313 1717 nam
329 1674 452 1716 fuerit
473 1673 706 1715 terminatio
721 1676 966 1729 praesentis,
990 1686 1123 1730 neque
1143 1679 1251 1716 extat
1267 1687 1429 1735 nome‘n,
1459 1689 1539 1732 quo
1554 1675 1691 1732 Hesy-

217 1741 333 1784 chius
352 1740 456 1782 illud
474 1738 600 1781 refert
620 1737 780 1790 Κάπυς
808 1738 857 1782 τὸ
883 1741 1055 1793 πνεῦμα
1086 1740 1160 1783 sed
1189 1741 1434 1797 adjectivum
1462 1741 1515 1784 ab
1543 1742 1690 1794 eodem

218 1814 312 1850 ante
330 1803 492 1856 Κάπυς
522 1805 691 1847 allatum
714 1803 929 1848 Καπυκτά
961 1806 1149 1850 πνέοντα
1175 1820 1202 1850 a
1221 1806 1435 1852 καπύσσω
1464 1808 1692 1852 derivatum

217 1880 293 1916 est.
335 1872 464 1915 Plura
491 1873 642 1927 ingerit
664 1870 794 1927 Epim
817 1871 953 1914 Uram.
974 1871 1003 1913 Ι.
1030 1873 1107 1927 77.
1129 1869 1221 1917 ἀπὸ
1250 1876 1329 1918 τοῦ
1361 1870 1457 1918 ἇλῶ
1485 1870 1604 1918 ἀλύω
1631 1876 1691 1927 ὥς

229 1936 244 1952 2
287 1941 308 1951 e-
350 1935 363 1952 2
408 1936 418 1951 Ι

218 2005 544 2047 commenticium
561 2009 623 2044 est
637 2004 870 2058 rectiusque
889 2002 1300 2058 EustathiiJ'udicium
1316 2006 1410 2056 924,
1425 2007 1495 2050 41.
1514 2004 1689 2063 ὀρύσσω
1726 2014 1728 2047 3

218 2070 271 2113 ab
302 2066 395 2127 όρω
419 2070 653 2125 repetentis,
682 2068 789 2110 unde
821 2066 952 2126 οὖρός
980 2069 1099 2111 fossa
1123 2083 1159 2113 v.
1178 2069 1288 2113 Diss.
1313 2070 1379 2114 IV.
1411 2073 1447 2127 ξ.
1462 2072 1502 2115 4.
1548 2073 1690 2116 Minus
1727 2072 1728 2095 ³

218 2135 467 2192 suspicionis
492 2133 617 2176 habet
641 2132 784 2186 κινύω,
815 2134 922 2177 unde
952 2133 1094 2178 Schol.
1118 2135 1272 2179 Aesch.
1299 2137 1432 2188 Proin.
1450 2137 1546 2182 157.
1574 2138 1689 2182 Eust.

218 2202 316 2252 472,
345 2200 414 2243 34.
446 2198 632 2243 κινύσσω
653 2206 694 2242 et
724 2198 906 2255 κίνυγμα
935 2208 1162 2244 arcessunt.
1207 2201 1269 2245 De
1300 2199 1419 2246 ἅτύω
1436 2204 1694 2248 hariolantur

221 2267 490 2311 Grammatici
532 2279 657 2323 supra
696 2268 810 2309 citati
841 2265 953 2310 Diss.
983 2266 1079 2310 XII.
1111 2268 1148 2323 §.
1173 2267 1215 2310 4.
1258 2265 1373 2312 ἆτύω
1412 2266 1586 2314 ἆτύσσω
1618 2270 1693 2316 καὶ

220 2333 332 2378 κατὰ
369 2330 637 2389 παραγωγὴν
666 2327 809 2385 ἆτύζω
840 2330 1072 2384 αἶολικιῦς,
1115 2334 1276 2378 scilicet
1307 2341 1350 2378 ut
1389 2332 1553 2391 ἆνάζω,
1591 2337 1691 2386 ἐπι-τ

218 2398 387 2453 πλάζω,
418 2395 601 2452 ἒμπάζω
624 2397 789 2441 aeolica
807 2398 1093 2455 perhibentur;
1124 2396 1298 2443 ἇτύσσω
1319 2407 1454 2445 autem
1473 2403 1547 2446 fuit
1570 2411 1688 2447 vetus

217 2469 422 2524 scriptura
450 2477 477 2507 a
517 2461 659 2506 Schol.
689 2462 765 2507 Od.
789 2463 863 2507 XI.
893 2466 989 2509 606.
1019 2474 1350 2511 commemorata.
1414 2467 1516 2512 Cum
1553 2466 1687 2525 ἇφύω

219 2529 408 2589 ἅφύσσω
427 2530 562 2573 Cram.
586 2529 617 2572 Ι.
636 2531 704 2573 63.
736 2531 943 2593 contendit
973 2531 1115 2576 πινύω
1143 2530 1343 2576 πινύσσω
1374 2534 1448 2578 καὶ
1476 2534 1524 2586 ἒξ
1551 2531 1688 2578 αὐτοῦ

306 2689 343 2732 5)
375 2688 456 2723 Hoc
483 2698 557 2723 non
579 2688 693 2733 magis
716 2686 785 2722 huc
809 2688 968 2734 pertinet
991 2698 1096 2733 quam
1118 2685 1258 2733 πήσσω,
1285 2690 1381 2734 quod
1406 2690 1441 2725 in
1461 2689 1579 2729 Crem.
1604 2690 1628 2725 1.
1652 2702 1683 2725 c.

217 2744 459 2786 substituitur,
486 2744 674 2788 ipsumque
701 2744 870 2780 δεδίσσω.
