1728 3120
269 186 364 232 110
714 177 1180 224 DISSERTATIO
1226 181 1272 225 V.

874 345 1020 391 CAP.
1065 347 1111 390 V.

394 442 485 488 De
517 438 730 486 verbi-s·
768 438 1034 503 quintae
1075 441 1586 504 conjugationis.

373 563 409 617 ξ.
441 562 477 603 l.
534 559 760 603 Verborum
779 560 1025 616 liquidorum
1045 562 1267 620 descriptio
1291 565 1548 622 auspicanda
1575 573 1639 610 est
1686 565 1687 569 ’

259 633 336 683 iis,
379 642 549 686 quorum
576 629 903 671 terminationem
931 628 1100 672 lambda
1136 631 1347 687 praecedit
1381 632 1575 690 simplex;
1615 642 1665 691 qu'

260 706 300 742 et
328 710 496 741 numero
525 708 660 753 pauca
686 702 777 738 sunt
806 702 845 738 et
880 709 962 739 non
991 696 1100 740 ultra
1124 698 1404 755 imperfectum
1429 713 1667 758 progressa
1686 704 1690 745 ζ

259 764 474 812 οὐδέποτε
494 764 676 816 ἐνεστώς
703 763 945 822 βαρύτονος
974 762 1040 810 δι’
1074 763 1169 819 ενός
1193 769 1220 811 λ
1248 765 1422 827 ὀφείλει
1449 769 1693 829 ἔκφέρεσθ”

261 833 335 878 καὶ
369 833 443 877 διὰ
479 835 609 876 τοῦτο
648 831 703 876 τὰ
739 829 978 889 φθάσαντα
1015 833 1222 887 γενέσθαι
1257 834 1477 893 βαρύτονα
1513 833 1616 895 α’χρι
1642 854 1667 882 τ

258 901 561 958 παρατατικοῢ
583 897 772 942 κλινεται
799 897 894 940 ΕΜ.
910 899 1004 950 576,
1027 899 1095 943 47.
1138 899 1274 946 Latini
1305 904 1415 947 alere
1433 916 1569 948 sermo
1597 905 1694 961 gra>

257 982 331 1012 cus
360 966 462 1010 nihil
493 965 626 1009 simile
657 965 802 1016 habet3
831 979 926 1008 nam
954 969 1158 1023 paragogi
1181 964 1384 1021 ἂλδαίνω,
1410 971 1518 1028 quod
1534 971 1668 1016 Koeni

258 1049 350 1080 cum
377 1034 452 1078 illo
474 1039 695 1090 comparat,
727 1034 849 1090 stirps
875 1035 1061 1085 evanuit,
1094 1048 1168 1091 pro
1197 1034 1395 1081 σάλουσα
1424 1037 1689 1096 φροντίζουσ

257 1101 355 1146 Hes.
386 1108 454 1145 aut
481 1101 679 1144 σαλοῢσα
709 1099 968 1143 scribendum
996 1108 1038 1144 ut
1065 1100 1246 1161 Photius‚
1277 1110 1346 1147 aut
1368 1104 1596 1149 σαλοῧσσα
1622 1107 1669 1159 (σ
1700 1147 1702 1149 ,

258 1168 455 1222 λόεσσα).
513 1167 708 1211 Secunda
734 1180 833 1211 vero
862 1168 1080 1219 vocalium,
1114 1182 1219 1226 quae
1248 1169 1388 1214 verbis
1418 1171 1560 1215 latinis
1589 1173 1667 1217 dee

257 1251 309 1280 ex
337 1243 511 1294 quatuor
529 1236 676 1278 recinit
703 1235 869 1290 graecis
895 1235 1017 1284 κέλω,
1047 1235 1178 1290 μέλω,
1207 1237 1342 1287 θέλω,
1370 1238 1492 1282 πέλω
1507 1237 1603 1282 ΕΜ.

254 1304 323 1348 49.
353 1303 502 1361 quibus
533 1302 825 1359 Theognostus
856 1301 949 1353 143,
979 1302 1019 1346 7.
1058 1302 1172 1346 addit
1199 1304 1302 1346 ελω
1329 1301 1380 1348 τό
1406 1321 1455 1348 τε
1480 1305 1618 1364 ψιλὸν
1645 1322 1702 1352 κα

254 1370 304 1416 τὸ
334 1367 638 1424 δασυνόμενον;
666 1370 763 1427 psili
792 1371 955 1413 nomine
985 1369 1211 1425 designans
1243 1367 1328 1414 ἕλω
1354 1371 1406 1415 τὸ
1430 1370 1619 1427 ἕλαύμω,
1651 1387 1675 1418 c

256 1436 383 1483 ἔλσαι
416 1446 456 1481 et
485 1437 684 1490 ἐελμένος
711 1444 999 1494 supponuntur,
1029 1438 1201 1494 aspirati
1232 1437 1317 1482 ἕλω
1344 1437 1394 1482 τὸ
1425 1436 1598 1495 φονεύω
1620 1439 1685 1484 ΕΝ
1704 1491 1711 1499 ,-

254 1505 350 1558 525,
379 1505 447 1547 55.
486 1511 525 1547 et
555 1503 638 1548 ἕλω
677 1503 727 1548 τὸ
758 1504 964 1559 λαμβάνω
1001 1504 1096 1555 332,
1124 1503 1192 1548 57.
1227 1503 1328 1548 Lex.
1368 1505 1419 1549 de
1448 1503 1589 1563 Spirit.
1618 1508 1671 1551 21

252 1573 359 1617 unde
391 1572 504 1628 ἕλωρ
533 1578 573 1613 et
605 1570 726 1626 γέντο
754 1577 950 1627 repetunt.
1009 1569 1096 1614 Sed
1121 1572 1356 1614 inusitatum
1386 1584 1482 1616 esse
1511 1574 1674 1630 signific
1704 1567 1709 1571 ”

252 1642 460 1687 Arcadius
489 1654 527 1698 p.
549 1639 643 1682 158.
672 1639 728 1683 τὰ
759 1637 822 1691 εἷς
850 1629 941 1683 {HJ
965 1638 1207 1696 δισύλλαβα
1233 1638 1470 1698 βαρύνεται
1499 1640 1685 1702 ἆρχόμεν
1706 1655 1714 1708 Ἰ

253 1707 346 1755 ἀπὸ
381 1705 620 1765 συμφώνου
647 1706 707 1765 μὴ
741 1707 899 1760 μέσου,
940 1707 1071 1759 κέλω,
1113 1707 1256 1757 πέλω,
1298 1707 1445 1752 θέλω·
1481 1707 1532 1753 τὸ
1566 1710 1708 1765 μέντο

254 1777 343 1821 ἐλῶ
379 1777 672 1832 περισπᾶται,
709 1776 777 1831 qui
817 1774 867 1816 de
905 1774 1043 1817 media
1080 1775 1189 1831 quod
1227 1774 1327 1818 dicit
1357 1774 1511 1820 indicio
1550 1783 1615 1821 est
1640 1791 1665 1835 p
1712 1777 1713 1780 ’

251 1845 401 1888 ficticio
431 1842 578 1885 haberi
607 1841 718 1886 δέλω
752 1840 800 1884 τὸ
834 1838 1024 1895 ὂελεάζω
1054 1840 1148 1884 ΕΜ.
1178 1841 1274 1894 254,
1303 1842 1342 1884 5.
1379 1841 1479 1886 licet
1505 1842 1585 1888 hoc
1611 1845 1695 1889 mul
1711 1852 1719 1906 ζ

252 1920 385 1955 tarum
420 1923 566 1953 vocum
605 1922 746 1952 semen
781 1915 821 1951 et
858 1922 988 1951 causa
1025 1909 1148 1952 fuerit
1183 1906 1335 1961 δόλος,
1374 1910 1548 1967 ὁεῖλαρ,
1587 1909 1721 1969 demi

252 1979 409 2035 δέλεαρ
448 1976 546 2019 Hes,
586 1981 647 2026 (ut
679 1975 818 2030 γέντο)
855 1989 933 2018 nec
970 1976 1142 2019 meliore
1180 1977 1413 2020 conditione
1451 1989 1547 2020 esse
1585 1978 1722 2032 βέλω,

252 2045 358 2088 unde
395 2042 581 2087 nonnulli
622 2042 845 2097 βέλτερον,
887 2041 1126 2097 βόλεσθαι,
1170 2044 1290 2092 velle,
1335 2042 1522 2087 derivata
1561 2047 1728 2108 putanti}

253 2111 538 2167 Trisyllabum
575 2123 698 2151 unum
734 2116 797 2151 est
836 2108 1001 2160 ἐθέλω,
1038 2122 1164 2165 quare
1201 2108 1324 2153 θέλω
1362 2109 1584 2166 analogiae
1615 2125 1728 2156 con-<-

251 2180 481 2224 venientius
508 2176 682 2220 habetur
707 2174 801 2218 EM.
821 2176 916 2226 518,
945 2177 1012 2219 32.
1057 2174 1212 2219 Ordine
1232 2178 1459 2251 proximum
1487 2181 1598 2229 (nam
1627 2180 1728 2237 iotaj

251 2250 408 2299 cessat)
448 2246 625 2288 ionicum
665 2241 856 2298 βόλομαι
898 2242 948 2286 ab
990 2257 1067 2286 usu
1101 2244 1304 2287 communi
1331 2243 1456 2299 longe
1493 2251 1728 2313 remotum;
1719 2265 1728 2284 ε

251 2318 497 2372 omninoque
523 2314 679 2357 nullum
716 2314 889 2368 reperiri
915 2312 1085 2356 verbum
1112 2315 1155 2356 in
1185 2330 1220 2356 ω
1238 2312 1514 2368 barytonum‚
1548 2315 1658 2371 quod
1677 2286 1728 2371 (ΤΞ

250 2387 291 2429 in
321 2383 546 2441 penultima
580 2380 754 2430 habeat,
792 2381 872 2424 nisi
912 2388 1109 2438 sequente
1147 2393 1332 2424 consona
1362 2380 1515 2438 duplici
1550 2389 1594 2425 ut
1622 2376 1728 2438 όζωέ

251 2459 292 2496 et
321 2451 492 2501 κόπτω,
531 2449 582 2492 ab
604 2447 825 2491 Heraclide
861 2447 1120 2491 observatum
1148 2454 1210 2490 est
1244 2446 1501 2500 Eust.1854,
1531 2449 1598 2492 60.
1629 2456 1728 2505 quo-f

251 2533 332 2562 uno
349 2518 460 2574 yelut
487 2519 570 2560 ictu
583 2515 850 2574 profligantur
865 2512 1001 2568 μόλω,
1030 2513 1171 2571 θόρω,
1201 2512 1328 2570 πόρω
1346 2514 1510 2573 aliaque
1528 2523 1726 2559 veterum

251 2585 582 2643 compendiorum
624 2582 931 2639 phantasmata,
975 2595 1079 2638 quae
1124 2581 1192 2624 diu
1230 2582 1438 2625 creditum⁴
1469 2590 1533 2626 est
1567 2589 1709 2636 nostro

253 2655 413 2696 demum
451 2651 592 2694 seculo
631 2649 840 2693 debellata
878 2662 995 2700 esse,
1033 2661 1166 2703 neque
1203 2647 1429 2692 destitimus
1463 2648 1638 2705 gloriari
1667 2655 1709 2693 ut

253 2719 473 2763 Sthenelus
502 2715 775 2774 ῘΙΙΘ-ἦμεῖς
803 2715 884 2774 γὰρ
903 2715 1104 2772 πατέρων
1129 2711 1232 2770 μέγ’
1267 2711 1500 2768 ἀμείνονες.
1557 2715 1728 2767 Verum;

251 2789 358 2830 enim
374 2799 473 2830 vero
496 2784 604 2841 quod
618 2783 877 2839 Pythagoras
896 2788 1061 2839 questus
1085 2789 1159 2833 est,
1189 2795 1215 2824 a
1236 2781 1448 2839 discipulis
1472 2785 1558 2827 suis
1579 2796 1728 2858 saepe]
