1728 3120
188 189 236 237 P.
252 189 322 235 111.
354 188 469 234 C.11,
515 187 588 232 DE
618 185 811 232 NOMIN.
844 185 1010 232 TERT.
1039 186 1200 232 DECL.
1228 187 1284 233 IN
1315 180 1363 233 ι’ἷῖ.
1422 192 1522 241 323

63 354 67 358 ,
133 317 157 348 e
195 303 304 349 adeo
345 304 491 348 demus
529 302 692 347 Atticus
721 298 927 360 Σφηττός
966 315 994 345 a
1022 299 1166 346 Psello
1195 302 1247 346 de
1278 301 1408 348 Locc.
1439 304 1524 350 Att.

66 371 155 417 47.
191 369 385 430 Σφηττώ
403 372 642 416 nominatur
662 376 941 426 congruenter
962 369 1101 414 dativo
1126 370 1361 415 adverbiali
1376 374 1525 431 Σφητ-

47 487 50 491 ,
85 443 125 490 ”,
153 452 358 497 nemoque
388 439 549 483 dubitat
579 438 679 495 quin
708 434 840 491 Σαβώ
856 469 867 486 ,
901 435 1055 493 Χεβώ,
1088 437 1304 495 Χωμψώ,
1341 440 1526 485 'fevam

50 555 51 558 Ἴ
83 508 242 552 imitiva
280 509 364 551 sint
396 506 595 564 nullaque
634 503 870 548 affectionis
901 506 1131 563 quuspiam
1166 519 1271 550 aura
1315 514 1524 552 contacta.

73 573 176 619 ihilo
205 576 346 620 secius
379 573 535 618 Graeci
563 572 720 617 talibus
751 585 927 630 quoque,
958 572 1191 631 ubicunque
1222 574 1404 619 facultas
1435 575 1525 630 suit,

46 635 53 646 ¹
147 649 247 686 enta
281 641 515 686 domestica
551 640 752 684 adhibere
789 653 874 684 non
913 641 1159 685 omiserunt:
1210 638 1272 694 ὦς
1307 638 1399 688 ἀπὸ
1443 645 1526 688 τοῦ

20 704 225 768 ψλύψω
256 706 461 766 Καλυψώ
483 710 524 762 ⁶)
558 706 675 752 οὕτω
712 707 788 751 καὶ
826 703 919 750 ἀπὸ
953 709 1032 752 τοῦ
1066 705 1271 766 χορτάσω
1301 707 1525 768 Χορτασώ

23 770 179 835 Lfioeph.
209 790 244 820 s.
263 775 304 820 h.
323 789 362 821 v.
418 775 466 820 Id
495 777 688 820 convenit
717 774 929 818 nonnullis
959 774 1146 819 locorum
1175 777 1525 835 appellationibus

23 845 203 906 {graecis
229 850 274 888 ut
303 840 439 902 κρήνη
473 843 550 888 διὰ
579 843 658 900 τὴν
687 839 827 900 χρόαν
855 843 935 885 τοῦ
964 839 1130 895 ὕδατος
1159 845 1407 903 καλουμένη
1437 849 1528 891 Γα-

20 909 157 960 Qud
186 911 315 956 Paus.
345 910 416 954 111.
439 910 508 962 24,
538 910 578 953 5.
610 916 652 953 et
679 909 846 953 Atticae
887 908 1112 953 fonticulus
1138 909 1274 954 Πεδιό
1311 914 1401 956 sive
1426 909 1528 968 Ἐμ,

24 976 162 1025 moth
185 992 215 1023 a
242 979 525 1037 perennitate,
557 984 666 1035 puto,
697 976 987 1020 denominatus
1017 982 1057 1018 ut
1085 973 1301 1034 Ἀλειπής
1329 978 1449 1037 πηγὴ
1482 979 1528 1024 ἐν

23 1041 200 1105 Ἧφὲσῳ
231 1045 357 1104 παρὰ
381 1044 431 1089 τὸ
460 1045 687 1102 μηδέποτε
717 1042 969 1087 ἐπιλείπειν
986 1041 1104 1085 Suid.
1135 1049 1175 1086 et
1204 1044 1378 1099 Βεβαιοε
1406 1046 1526 1105 πηγὴ

33 1112 82 1168 ἐν
109 1110 282 1172 Εὖβοίᾳ
311 1112 439 1171 παρὰ
474 1112 524 1156 τὸ
556 1109 790 1160 ἀνελλιπές
819 1108 915 1152 ΕΜ.
974 1108 1050 1153 His
1080 1110 1285 1154 accedunt
1314 1112 1463 1168 Βωμιὺ
1499 1112 1525 1172 ἦ

24 1170 223 1238 Μακρίς
250 1178 350 1224 Hes.
382 1193 411 1223 a
438 1179 574 1235 figura
603 1190 703 1222 arae
735 1183 775 1219 ut
803 1175 1034 1221 Kuesterus
1066 1180 1323 1236 suspicatum
1363 1196 1527 1235 γυμνα-

24 1246 136 1297 σιου
171 1245 414 1304 περίβολος
453 1243 595 1300 ὄνομα
625 1243 804 1288 Modum)
846 1246 925 1302 τῆς
958 1244 1272 1302 μαλακότητος
1311 1249 1392 1292 τοῦ
1425 1246 1529 1292 ἐδά-

31 1325 152 1374 φους
179 1313 307 1360 ἕνεκα
322 1313 448 1359 Paus.
471 1312 624 1364 v1.23‚
651 1313 691 1355 3.
737 1310 936 1369 Κορυφώ
957 1316 1282 1369 promontorium
1300 1314 1527 1372 Corcyrae,

26 1382 148 1440 ¹qumi
175 1395 299 1426 nemo
326 1394 377 1425 ex
408 1378 703 1440 Κορυφάσιον
734 1386 989 1423 contractum
1020 1380 1129 1424 dicet
1161 1380 1412 1439 v.Prolegg.
1430 1383 1528 1427 425.

32 1461 115 1508 pec
142 1451 280 1507 magis
309 1446 498 1507 Συρακώ
528 1462 578 1492 ex
608 1445 907 1505 Συράκουσαι,
939 1448 1014 1491 sed
1040 1450 1177 1506 potius
1207 1449 1351 1493 urbem
1379 1464 1529 1495 nomen

34 1519 255 1576 accepisse
289 1529 317 1561 a
343 1515 510 1574 palude.
569 1515 785 1560 Postremo
817 1515 969 1572 oppida
1004 1517 1150 1570 ignota
1179 1515 1339 1560 Suidae
1374 1532 1529 1562 memo-

34 1591 131 1631 rata
147 1581 335 1641 Αἶγιμώ
364 1591 405 1629 et
423 1580 568 1628 Αἰθιό
586 1590 736 1640 gerunt
755 1583 920 1640 quidem
951 1583 1262 1627 similitudinem
1279 1598 1531 1641 graecorum

34 1653 338 1706 vocabulorum
363 1665 444 1696 nec
480 1658 620 1695 tamen
660 1651 938 1695 demonstrari
969 1658 1104 1708 potest
1132 1651 1187 1696 ab
1229 1651 1295 1696 his
1325 1654 1531 1710 originem

34 1718 208 1767 habere.

150 1800 191 1856 ξ.
219 1798 262 1843 4.
320 1797 412 1842 Illis
443 1798 631 1842 locorum
660 1796 898 1840 nominibus
937 1796 1157 1854 dupliciter
1193 1797 1319 1842 finitis
1348 1798 1533 1852 Καυόός

37 1875 80 1913 et
107 1864 275 1912 Καυδώ
305 1873 384 1911 etc.
413 1866 551 1909 simile
582 1871 647 1909 est
664 1861 844 1922 Σαπφώ
877 1870 917 1907 et
935 1862 1138 1921 Σάπφος,
1171 1866 1208 1908 si
1239 1864 1292 1908 ab
1320 1865 1400 1910 hoc
1429 1880 1534 1911 casu

38 1935 257 1981 descendit
294 1935 512 1978 vocativus
541 1929 721 1990 Edmp',
760 1945 881 1988 quem
911 1930 1172 1975 Hermannus
1200 1931 1333 1976 Elem.
1363 1934 1461 1978 678.
1491 1936 1534 1978 in

36 2004 226 2063 poetriae
259 2014 387 2046 versu
424 2002 611 2059 reposuit
647 2013 722 2056 pro
762 2001 962 2056 Σαπφοῖ.
985 2003 1026 2052 ⁷)
1085 2000 1152 2044 Ac
1186 2014 1271 2044 non
1303 2001 1532 2046 abhorrere

38 2069 150 2117 hauc
179 2070 511 2115 terminationem
543 2081 570 2112 a
598 2066 817 2112 mulierum
845 2065 1083 2110 nominibus
1113 2068 1156 2110 in
1185 2066 1383 2125 Prolegg.
1407 2083 1446 2127 p.
1462 2071 1534 2114 23.

40 2137 366 2186 demonstratum
396 2143 473 2180 est.
532 2134 685 2180 Verum
715 2142 757 2178 ut
788 2135 933 2178 demus
965 2136 1114 2178 atticus
1143 2134 1261 2194 Θρία
1291 2144 1467 2181 vocatur
1495 2145 1536 2182 et

27 2203 191 2264 ’Θριώ,
229 2204 428 2249 mulieres
466 2207 507 2246 Γ
503 2201 613 2261 όργη
653 2209 693 2246 et
732 2200 908 2259 Γοργώ,
944 2202 1148 2246 Μέλιννα
1186 2209 1227 2245 et
1255 2203 1467 2248 Μελιννώ
1496 2220 1535 2249 v.

39 2268 154 2318 Keil.
181 2272 325 2316 Anall.
355 2285 395 2329 p.
415 2270 456 2314 Θ.
490 2272 553 2315 sic
582 2272 689 2314 sumi
718 2270 818 2313 licet
846 2269 1023 2312 eandem
1049 2269 1172 2313 modo
1194 2270 1372 2328 Σαπφώ
1400 2274 1536 2316 nomi-

40 2339 185 2385 natam
200 2338 334 2384 fuisse
355 2339 478 2383 modo
497 2335 667 2396 Σάπφη
686 2340 775 2381 sive
799 2337 962 2381 aeolice
981 2334 1155 2394 Σάπφα
1182 2335 1308 2394 alpha
1331 2346 1535 2397 correpto.

27 2406 186 2464 *Quare
225 2408 268 2451 in
297 2405 502 2450 Varronis
542 2405 638 2450 loco
668 2403 742 2447 IX.
763 2405 831 2457 51,
864 2405 958 2448 150.
998 2412 1095 2448 sum
1127 2417 1231 2460 quas
1262 2409 1536 2461 synonymias

139 2567 179 2614 6)
215 2568 367 2606 Scilicet
389 2568 476 2614 quia
498 2566 645 2603 Ulixem
668 2577 790 2601 secum
820 2565 856 2601 in
881 2565 1024 2602 occulto
1052 2565 1194 2608 habuit3
1230 2567 1333 2612 quasi
1359 2579 1452 2604 vero
1477 2581 1540 2604 κα-

47 2616 200 2664 λύπτειν
228 2625 325 2661 idem
355 2625 401 2661 sit
435 2624 534 2671 quod
568 2621 754 2670 κρύπτειν.
808 2622 985 2659 Barbarie
1023 2622 1095 2659 illis
1134 2623 1335 2660 adnumero
1364 2622 1468 2672 μοτῶ
1503 2631 1542 2662 et

31 2680 171 2734 ’ἆρηβῶ
198 2682 344 2719 cassiae
367 2681 510 2729 species
536 2680 666 2718 Galen.
692 2681 739 2717 de
762 2680 886 2716 Antid.
909 2679 937 2716 1.
970 2679 1022 2716 14.
1045 2692 1081 2727 p.
1108 2679 1163 2717 72.
1192 2680 1233 2716 T.
1259 2681 1361 2718 XIV.

31 2740 36 2749 ’
66 2780 68 2782 .
137 2751 176 2796 7)
209 2749 392 2787 Matthiae
415 2749 573 2786 Gramm.
592 2749 672 2785 224.
698 2749 877 2785 aeolicum
899 2748 1108 2786 vocativum
1120 2747 1263 2798 Σάπφο
1288 2750 1400 2788 fuisse
1424 2751 1540 2800 suspi-

46 2814 149 2846 eatur
174 2808 345 2856 exemplo
372 2807 491 2851 nullo;
518 2807 719 2844 Ahrensius
746 2807 842 2843 Dial.
868 2807 946 2844 (lor.
973 2806 1053 2844 510.
1084 2804 1245 2854 Ψάπφα.

1170 2864 1260 2907 21*
