1708 3126
26 962 29 979 „
26 892 30 901 -
26 810 32 850 7...
25 558 34 790 ’.ῷά-...ψ
28 471 34 530 ,ἿΝ
28 403 34 453 ...Μ
30 343 35 381 ..-Α
30 316 31 319 Α
37 286 39 294 —

326 171 431 216 CAr.
463 171 513 214 11.
573 169 643 214 DE
675 169 873 214 VERBIS
905 168 1258 214 LABIALIBUS.
1469 170 1534 217 45

68 280 70 282 ’
105 286 271 332 ”ntur
308 285 435 329 etiam
469 284 660 329 vocalem
700 291 855 328 mutant
895 283 1038 329 ἐνέπω
1078 283 1263 333 ἑνίπτω,
1302 280 1427 340 ῥέπω
1467 282 1534 341 ῥί-

166 356 234 406 22)
262 350 360 395 EM.
391 351 490 404 704,
521 352 590 396 57.
648 351 864 396 Theodos.
900 351 1081 395 Gramm.
1099 353 1167 403 72,
1195 352 1264 395 33.
1293 349 1402 394 unde
1432 364 1534 408 pen-

86 427 145 474 t
184 421 355 464 nomina
391 417 530 477 ἐνοπή
570 417 722 478 ἐνιπή,
767 417 887 478 ῥοπή
927 417 1061 478 ῥιπή,
1107 432 1240 476 eoque
1286 419 1409 463 modo
1449 434 1535 465 non

137 500 175 532 ·s
214 487 350 532 solum
389 487 646 543 ingravescit
687 487 762 530 sed
804 486 1055 542 significatio
1094 500 1270 544 quoque.
1315 485 1414 530 Sch.
1454 486 1532 531 Od.

88 559 142 598 Y.
170 555 268 598 266.
309 553 440 611 ἕνιπή
475 551 501 611 ἡ
538 553 614 597 διὰ
651 552 792 609 λόγων
833 553 1044 610 ἔκπληξις
1083 549 1176 597 ἀπὸ
1215 556 1294 597 τοῦ
1324 553 1533 600 ἐννέπειν.

71 614 124 662 ⁴2
191 621 316 674 1387,
345 622 414 664 32.
444 620 494 665 τὸ
530 621 611 675 μὲν
641 620 836 666 ἐννέπειν
865 619 962 665 ἀντὶ
987 623 1067 665 τοῦ
1098 617 1253 673 ἁπλῶς
1282 622 1442 678 λέγειν,
1483 623 1534 667 τὸ

68 683 102 746 5⁸}
121 689 171 744 ἐξ
189 685 328 734 αὐτοῦ
352 686 544 733 ἐνίπτειν
563 687 638 731 καὶ
663 687 850 732 ἐνίσσειν
869 691 1001 732 τοῦτο
1021 686 1073 732 οὐ
1101 689 1238 746 δηλοῖ,
1270 703 1352 745 qua
1370 692 1535 734 ratione

65 748 157 802 sm
195 756 334 801 differt
376 755 430 798 ab
472 753 581 809 ἐβίω,
624 769 759 812 neque
807 769 910 813 opus
955 762 1019 798 est
1063 755 1233 800 diversa
1276 760 1537 802 comminisci

64 828 72 837 '·
103 844 147 865 Ι,ι
160 838 199 868 a.
221 827 287 876 2ὃ)
345 822 475 866 Aliud
506 821 628 878 huius
666 822 843 880 duplicis
881 829 1026 879 tropae
1066 823 1296 880 exemplum
1335 826 1538 882 praebent

72 884 78 892 ⁵
126 909 201 938 πω
229 887 424 950 δρύπτω,
453 886 596 946 θήπω
618 885 807 932 θώπτω
868 887 1092 933 Suntvero
1111 891 1234 933 etiam
1255 905 1363 947 quae
1382 899 1537 936 utram-

73 972 127 1004 θ
165 970 392 1003 consonam
430 963 658 1000 assumtam
687 955 870 999 habeant
900 954 995 1000 ὂάω
1031 956 1167 1012 (δαίω
1194 957 1347 1011 ὁαῖζω)
1380 957 1538 1004 δάπτω

27 1029 30 1058 f
62 1041 85 1058 τ
136 1021 255 1070 xvcim
285 1022 466 1068 κνάπτω
496 1021 610 1067 Eust.
640 1023 747 1075 615,
777 1023 844 1066 10.
875 1019 970 1067 αύω
1002 1022 1133 1068 ἅπτω
1163 1025 1364 1075 incendo,
1402 1040 1537 1084 neque

28 1102 30 1109 ¹
157 1092 340 1136 alienum
366 1087 571 1135 θώπτειν
601 1097 641 1134 et
670 1090 919 1148 τεθηπέναι
949 1105 976 1133 a
1004 1088 1109 1134 θάω
1142 1094 1344 1148 originem
1370 1094 1538 1139 trahere

27 1209 62 1245 t

60 1158 262 1205 »Parall-
291 1173 331 1217 p-
347 1157 418 1202 47.
447 1165 488 1202 et
518 1158 615 1202 127.
679 1155 850 1202 Θάπτω
883 1157 1011 1214 παρὰ
1043 1158 1093 1201 τὸ
1125 1161 1211 1202 θῶ
1228 1158 1324 1203 EM.
1340 1161 1438 1214 442,
1468 1162 1537 1207 56.

74 1227 159 1273 od
190 1225 436 1271 confirmare
474 1225 640 1270 videtur
669 1224 813 1269 Schol.
843 1223 891 1268 Il.
920 1223 1077 1268 XXIV.
1108 1225 1176 1269 83.
1234 1225 1456 1282 Λάκωνες
1484 1231 1536 1276 τὸ

152 1310 244 1339 ειν
265 1291 504 1352 τιθήμεναι
524 1291 652 1352 φασί,
681 1299 722 1336 et
742 1306 892 1336 nomen
910 1289 1031 1351 θήκη
1053 1295 1290 1348 sepulcrum
1311 1296 1363 1340 cf.
1380 1297 1539 1345 Parall

133 1361 251 1406 ,sed
291 1366 448 1420 pugnat
473 1373 566 1404 cum
595 1362 748 1404 ceteris
779 1360 1002 1418 exemplis,
1042 1375 1150 1418 quae
1178 1362 1305 1420 alpha
1334 1366 1376 1407 in
1410 1368 1537 1425 stirpe

28 1428 30 1432 ’
74 1446 83 1459 »
115 1436 215 1474 ent.
271 1426 361 1473 Nec
390 1429 495 1472 satis
529 1428 632 1472 facit
660 1427 965 1472 Hemsterhusii
1001 1429 1222 1473 consilium
1260 1431 1314 1474 ad
1345 1431 1537 1492 Xenoph.

27 1488 98 1535 'lj'w

121 1518 150 1541 .
178 1511 219 1556 p.
248 1496 346 1540 202.
377 1497 507 1540 veteri
539 1496 686 1551 linqua
711 1493 886 1550 θάβειν,
918 1493 1100 1546 θάπειν,
1131 1495 1313 1556 θάφειν,
1345 1498 1542 1547 θάπτειν

28 1557 30 1572 ἓ
61 1566 156 1611 ’Ἱιίῑ
191 1565 311 1608 aliud
335 1570 395 1607 est
428 1576 556 1618 quam
591 1570 706 1606 terra
738 1564 936 1612 obruere,
979 1576 1074 1606 nam
1114 1564 1194 1608 hoc
1230 1572 1357 1615 totum
1399 1572 1541 1627 conje-

58 1634 230 1681 {tatione
261 1632 415 1675 nititur.
474 1629 562 1673 Sed
580 1629 763 1673 sortasse
779 1628 1014 1685 Hesychius
1046 1631 1293 1686 adjectivum
1326 1629 1540 1690 ἄθαπτος

63 1713 102 1753 <x
134 1711 237 1744 vero
276 1699 569 1756 interpretatus
607 1702 672 1740 est
710 1691 933 1748 ἶίκαυστος
969 1701 1218 1755 proprieque
1256 1700 1539 1749 diciturillud

89 1765 159 1824 ρὶ
195 1762 394 1810 θάπτειν
435 1765 524 1821 igni
560 1775 830 1808 concremare
865 1776 891 1806 a
920 1762 1048 1821 τύφω
1083 1772 1127 1808 ut
1160 1765 1324 1810 bustum
1357 1767 1541 1826 τύμβος,

13 1847 32 1876 ;.’
57 1833 159 1886 ¹mod
181 1831 279 1876 EM.
311 1845 338 1876 a
365 1829 492 1890 τύφω
513 1832 676 1889 repetit,
702 1830 811 1873 unde
840 1827 1003 1886 Θάψας
1023 1829 1202 1883 καύσας,
1225 1830 1538 1887 ςΥπιεξείἳυπτο

74 1891 236 1949 guamo
265 1898 365 1944 Hes
385 1902 450 1951 ²⁴)
480 1911 564 1955 qua
591 1899 754 1941 ratione
783 1897 969 1953 eJusdem
1000 1897 1150 1953 glossa
1184 1902 1364 1959 Τοῦφος
1394 1902 1541 1961 τάφος

75 1966 219 2011 rendi
245 1968 398 2024 poterit
429 1965 484 2010 ab
513 1965 714 2010 Ahrensii
745 1966 1004 2009 correctione
1040 1981 1182 2024 τυφος
1212 1981 1288 2025 pro
1318 1967 1464 2028 τάφος
1490 1974 1541 2017 de

30 2039 34 2047 “’
67 2033 161 2079 ial.
191 2031 292 2078 Dor
325 2034 422 2078 126.
459 2040 679 2090 manetque
713 2031 832 2077 verbi
865 2034 1070 2076 memoria
1098 2035 1141 2076 in
1180 2036 1338 2080 novitio
1367 2036 1543 2084 Latino-

84 2119 128 2141 ιι·
169 2114 362 2145 sermone
401 2101 514 2144 stusa
542 2101 703 2156 (etuve)
741 2100 784 2143 id
814 2107 876 2143 est
905 2100 1226 2158 hypocaustum‚
1262 2108 1542 2161 vaporarium,

28 2160 34 2190 ἶ
77 2174 276 2226 stroque
297 2169 447 2224 stofen,
477 2168 589 2225 quod
618 2174 682 2211 est
698 2168 863 2211 culinae
890 2168 1141 2212 vocabulum
1168 2171 1410 2226 significans
1430 2174 1544 2219 lento

97 2250 151 2282 we
186 2250 380 2296 coquere.
438 2235 623 2282 Vocales
656 2243 792 2281 autem
823 2255 852 2281 α
890 2244 931 2281 et
967 2255 994 2282 υ
1030 2239 1072 2282 in
1105 2239 1335 2284 formatura
1363 2244 1546 2288 vocabu-

143 2386 206 2432 22)
236 2386 412 2423 Philostr.
440 2385 573 2432 lniagg.
594 2385 623 2424 1.
643 2385 677 2428 2,
704 2384 782 2421 766.
807 2383 984 2422 καθεύδει
1007 2385 1046 2423 τὸ
1069 2385 1268 2436 πρόςωπον
1295 2390 1357 2426 ἐπὶ
1377 2390 1415 2428 τὸ
1440 2395 1547 2442 στέρ-

21 2446 31 2474 J
169 2447 187 2479 t
217 2458 240 2480 α
261 2470 270 2480 .

68 2457 122 2506 ὀν
143 2445 216 2546 {33⁰
240 2458 478 2537 {Ruhnkenius
513 2499 648 2535 ἓνίπτω
689 2499 735 2534 ab
782 2501 855 2534 ἴπω
892 2506 1010 2535 ortum
1047 2502 1218 2546 putabat,
1264 2503 1366 2550 cujus
1402 2507 1547 2542 unicum

30 2558 34 2601 ἶ,
57 2600 62 2602 .
101 2558 257 2606 emplum
282 2557 466 2598 Ἐξίπεται
497 2556 698 2597 ἓκπιέζεται
723 2555 810 2591 Hes.
848 2555 985 2591 tollitur
1010 2557 1182 2593 Kuesteri
1222 2561 1449 2596 correctione
1473 2564 1546 2603 ἐξι-

14 2614 60 2663 '52
86 2616 200 2652 οὕῐαι.
248 2614 332 2651 Nec
362 2613 479 2649 simile
508 2613 653 2648 videtur
678 2616 832 2657 νεικεῖν,
869 2613 967 2659 quod
992 2612 1233 2650 Buttmannus
1259 2616 1309 2650 ἰ11ἰ
1345 2625 1544 2664 comparat.

52 2676 81 2701 ³5
100 2669 190 2714 ’ζειν
213 2682 360 2718 quoque
383 2671 493 2707 modo
518 2671 663 2714 dicere,
695 2670 804 2705 modo
832 2669 927 2705 male
959 2669 1102 2715 dicere,
1136 2671 1328 2717 increpare
1350 2674 1543 2720 significat.

30 2724 34 2734 ”
65 2759 70 2763 .
145 2728 207 2773 24)
240 2731 467 2775 Κατέθυψας
493 2730 763 2776 περιέπνευσας
789 2727 875 2764 Hes.
903 2727 1057 2763 Vossius
1080 2727 1189 2765 scribi
1216 2728 1324 2775 jubet
1348 2734 1548 2781 περιέκαυ-

22 2771 23 2775 Ὶ
64 2798 131 2826 ας.
180 2785 340 2832 Propius
364 2791 420 2822 est
442 2788 722 2835 περιέφλευσας.
