1728 3120
249 194 348 242 238
671 182 1135 232 DISSERTATIO
1178 188 1286 233 XIV.

246 306 431 348 incertae
466 302 694 357 scripturae
734 308 775 344 et
810 303 1179 359 interpretationis,
1215 298 1511 349 Ἰκταίνεσθαι
1546 302 1687 350 αἱσθά

247 373 418 414 νεσθαι.
462 367 644 411 Μιαίνω
669 374 709 411 et
737 366 904 412 ἐλαύνω
934 369 1096 414 absolvi
1125 371 1169 413 in
1195 369 1303 414 libro
1332 371 1463 428 primo
1485 369 1534 416 (ἶ.
1547 370 1596 415 V.
1619 372 1656 428 §.
1671 373 1710 417 ἓν.

358 471 394 526 §.
424 471 463 513 3.
522 469 695 528 Epsilon
723 471 896 529 simplex
925 479 1018 516 ante
1039 473 1369 517 terminationem
1393 462 1462 518 'ff
1482 487 1566 518 non
1591 489 1689 534 repe

244 543 359 593 ritur,
387 554 464 584 nec
493 553 619 598 saepe
649 539 922 598 diphthongus
949 542 1003 586 τὰ
1033 540 1098 595 εἷς
1126 531 1227 587 ZZZ»
1257 541 1503 600 παράγωγα
1532 541 1608 588 διὰ
1635 547 1687 603 τῆ

245 603 294 656 εἶ
315 608 578 669 γράφονται,
609 605 802 661 ἀλεείνω,
834 608 1031 670 ἔρεείνω,
1061 610 1242 670 φαείνω,
1305 611 1367 656 Τὸ
1400 612 1450 658 δὲ
1475 609 1609 672 ὀρίνω
1640 631 1692 658 κα

245 677 387 725 ὠδίνω
419 676 471 724 οὗ
499 679 760 737 παράγωγα,
793 679 862 724 διὸ
894 681 968 725 καὶ
996 681 1071 724 διὰ
1098 682 1177 724 τοῦ
1196 671 1241 725 ἶ
1251 679 1499 740 γράφονται
1522 682 1696 740 Theogn

243 747 340 791 144.
369 754 409 791 et
435 747 531 790 212.
590 746 670 790 Illa
700 747 920 791 verborum
949 755 1042 791 sunt
1067 760 1287 805 paragoga
1314 762 1398 792 non
1425 749 1535 794 ultra
1561 751 1715 809 impet-7

242 815 394 859 fectum
422 814 633 858 declinata
660 813 849 871 Theogn.
879 813 976 858 244.
1005 813 1100 857 ΕΜ.
1130 814 1199 866 58,
1227 815 1296 859 35.
1344 815 1595 874 Ἓλεγείνειν
1623 834 1715 862 aa«

242 884 483 941 ραφρονεῖν
499 880 616 924 Suid.
640 882 681 924 in
696 879 791 925 EM.
823 880 1064 939 ἐλεγαίρειν
1083 881 1277 926 scribitur
1294 889 1500 942 totumque
1528 885 1715 951 ignotuu4

242 957 319 995 est.
376 949 516 994 Verba
545 952 587 994 in
608 941 730 995 W
751 958 792 995 et
820 968 923 996 οινω
956 950 1130 995 Graecis
1157 952 1315 997 desunt.
1369 951 1542 998 Duobus
1561 955 1605 997 in
1631 943 1717 1000 ἶνῖιι

240 1018 484 1069 terminatis,
513 1031 683 1074 quorum
716 1031 838 1061 unum
867 1018 920 1061 ab
951 1013 1057 1062 ὦδίν
1085 1019 1312 1063 derivatum
1345 1026 1421 1072 est,
1451 1020 1624 1065 alterum
1655 1019 1710 1066 ab

242 1080 356 1143 ἷίρω,
397 1085 559 1129 accedit
595 1087 758 1128 tertium
786 1081 1012 1129 Ἀλίνουσι
1047 1083 1308 1130 λεπτύνουσι
1342 1088 1577 1146 Σοφοκλῆς
1610 1087 1711 1134 Hes.

241 1152 350 1209 quod
389 1152 441 1195 ab
480 1148 596 1196 ἆλὲω
627 1152 788 1196 ductum
817 1158 900 1203 est,
939 1159 980 1195 et
1010 1158 1218 1209 quartum,
1257 1153 1368 1210 quod
1395 1153 1506 1198 idem
1542 1167 1618 1213 per
1647 1155 1710 1199 diu

237 1218 489 1276 phthongum
518 1218 661 1263 scribit
681 1215 863 1270 ἂλεῖναι,
894 1218 1137 1270 ἑπαλεῖναι,
1171 1220 1425 1264 καταλεῖναι
1450 1219 1502 1266 τὸ
1521 1217 1711 1278 ἀλεῖψαι

237 1286 383 1330 linere.
442 1285 523 1329 Pro
541 1281 685 1344 ’Έρινε
715 1282 859 1343 ἐρώτα
889 1285 1150 1329 scribendum
1176 1286 1338 1330 videtur
1366 1289 1485 1343 κρῖνε
1506 1301 1558 1331 ex
1581 1286 1709 1346 Soph.

237 1354 306 1409 Aj.
331 1352 427 1396 583.
453 1352 514 1410 μὴ
546 1355 664 1410 κρῖνε
691 1351 751 1411 μὴ
784 1352 970 1407 ἐξέταζε,
998 1366 1072 1410 pro
1094 1349 1314 1397 Ὀνίνοιεν
1342 1359 1478 1398 autem
1506 1349 1709 1400 ὃνίναιεν.

238 1419 359 1473 Quod
389 1419 494 1477 apud
534 1419 707 1463 eundem
742 1419 894 1476 legitur
921 1418 1185 1478 Κορίννσυσι
1217 1420 1443 1478 κονιορτὸν
1478 1420 1706 1479 ἐγείρουσι,

236 1489 320 1531 nisi
348 1493 580 1544 corruptum
609 1493 673 1529 est
702 1492 745 1529 ut
771 1486 985 1530 Albertius
1015 1489 1268 1544 suspicatur,
1306 1486 1502 1532 indicium
1534 1488 1707 1547 praebet

236 1556 395 1600 Aeoles
423 1570 497 1613 pro
519 1555 650 1600 κονίω
679 1556 835 1600 dixisse
867 1555 1048 1612 κορίννω
1066 1556 1191 1600 litera
1213 1547 1250 1601 ἶ
1268 1557 1312 1599 in
1331 1546 1563 1616 {mutata¹
1620 1556 1705 1602 Vo-

238 1626 345 1671 calis
372 1616 409 1670 b-
427 1639 519 1669 cum
538 1625 799 1683 diphthongis
825 1627 913 1669 suis
931 1625 1071 1669 nullas
1087 1632 1226 1683 partes
1245 1627 1344 1683 agit,
1375 1627 1451 1671 sed
1468 1627 1705 1686 frequenter

234 1695 422 1753 ypsilon3
458 1693 514 1738 τὰ
542 1694 617 1738 διὰ
648 1698 729 1739 τοῦ
763 1685 856 1739 υ-νῖιῖ
882 1693 1117 1752 βαρύνεται
1148 1694 1222 1740 καὶ
1250 1694 1487 1741 ἐκτείνεται
1517 1693 1704 1748 εὐθύνω,

235 1760 466 1814 πλατύνω,
504 1758 730 1819 βραδύνω,
771 1758 1013 1820 ἇμορφύνω
1035 1758 1294 1818 Ἀντίμαχος
1328 1759 1423 1807 ἀντὶ
1455 1765 1537 1808 τοῦ
1565 1760 1728 1821 ὸίμορ-4

235 1832 459 1887 φοποιεῖν,
489 1825 687 1883 ἇκαχύνω
716 1826 740 1872 ὁ
764 1825 916 1881 αὐτός·
948 1827 1240 1887 σεσημείωται
1267 1828 1318 1874 τὸ
1337 1827 1518 1875 ἐθύνεον
1536 1833 1594 1886 (v.
1611 1829 1658 1872 C.
1673 1829 1705 1874 I.
1725 1811 1728 1856 i

233 1896 269 1951 §.
286 1896 344 1950 l.)
369 1896 423 1939 τὰ
447 1895 495 1940 δὲ
517 1893 837 1953 περισπώμενα
859 1893 1167 1953 προκατάρχον
1184 1894 1353 1951 &ovant
1367 1891 1518 1952 ἷίνομα,
1549 1895 1705 1948 ὄδυνῶ,
1727 1901 1728 1908 ’

232 1966 426 2021 τορυνῶ,
472 1963 546 2007 καὶ
582 1963 682 2007 ἐπεὶ
720 1967 998 2021 περισπᾶται
1035 1965 1260 2010 συστέλλει
1300 1965 1350 2010 τὸ
1381 1957 1440 2010 fs·
1484 1970 1614 2011 τοῦτο
1654 1966 1704 2012 δὲ

226 2028 419 2074 Ἀττικοὶ
459 2028 532 2072 καὶ
567 2027 805 2086 βαρύνουσι
843 2028 918 2072 καὶ
964 2028 1202 2074 ἔκτείνουσι
1242 2031 1378 2075 Cram.
1407 2032 1438 2075 I.
1466 2034 1535 2076 55.
1567 2033 1704 2090 Bary-

233 2104 422 2140 tonorum
458 2095 655 2152 pleraque
702 2096 753 2140 ab
794 2095 1008 2151 adjectivis
1052 2097 1260 2141 secundae
1299 2105 1340 2142 et
1380 2101 1527 2143 tertiae
1570 2100 1701 2144 decli-

233 2164 415 2207 nationis
445 2163 520 2206 sed
549 2163 748 2206 nonnulla
777 2164 900 2206 etiam
930 2176 957 2206 a
985 2163 1251 2208 substantivis
1284 2165 1406 2209 ducta
1435 2179 1530 2210 esse
1560 2173 1700 2210 osten-

233 2231 332 2274 dunt
368 2229 556 2287 exempla
596 2230 650 2273 ad
684 2229 830 2273 Buttm.
856 2229 952 2274 387.
993 2230 1141 2288 quihus
1178 2231 1274 2274 addi
1302 2239 1474 2289 possunt
1518 2228 1700 2286 ἄμαθος

233 2294 464 2351 ἇμαθύνω,
494 2294 635 2348 θάλος
661 2292 850 2349 θολύνω,
880 2297 989 2354 quod
1013 2297 1234 2342 inferiores
1261 2312 1336 2356 pro
1363 2297 1518 2344 θολόω
1547 2301 1700 2358 impor-

231 2371 388 2415 tarunt,
427 2360 630 2422 ἆλαρύνω
664 2378 703 2407 v.
735 2363 928 2420 Prolegg.
957 2364 1052 2407 262.
1089 2363 1254 2420 μόσχος
1281 2363 1562 2421 Μοσχύνεται
1599 2367 1697 2420 τρέ-

231 2447 363 2490 φεται
389 2430 487 2474 Hes.
509 2437 585 2474 etc.
621 2438 660 2474 et
688 2433 918 2489 composita
949 2428 1281 2490 ἆποσκληρύνω,
1311 2430 1535 2485 ἕπωκύνω,
1562 2449 1696 2478 κατα-

233 2495 441 2548 καλλύνω,
468 2496 775 2555 ἐπιπληθύνω,
804 2512 975 2555 quorum
991 2500 1112 2554 copia
1130 2512 1358 2556 permagna
1374 2506 1448 2551 est,
1479 2499 1554 2543 sed
1571 2513 1694 2543 unum

231 2565 554 2622 decompositum
583 2562 837 2623 ἅμορφύνω.
895 2564 1133 2609 Verbalium
1163 2567 1358 2623 catalogo
1386 2567 1416 2611 l.
1446 2580 1481 2611 c.
1511 2568 1695 2611 eximen-

231 2633 323 2675 dum
354 2638 443 2675 erat
471 2630 694 2690 σπερύνω,
725 2646 798 2690 pro
828 2647 907 2690 quo
938 2631 1187 2688 Hesychium
1215 2634 1442 2690 σπερχύνω
1473 2634 1693 2691 scripsisse

231 2698 373 2743 Tollio
394 2701 611 2751 assentior,
632 2700 862 2744 substitutis
882 2699 1125 2744 certioribus
1142 2696 1299 2758 κάρφω
1316 2697 1536 2759 καρφύνω,
1570 2698 1691 2745 αἶ’θω

231 2762 522 2810 Αἰθύνεσθαι
549 2765 888 2824 λαμπρύνεσθαι
916 2766 1012 2812 Hcs.
1048 2762 1111 2813 sic
1139 2768 1248 2811 enim
1283 2781 1358 2826 pro
1385 2765 1691 2824 λαμβάνεσθαι
