1728 3120
269 234 332 280 86
708 223 1176 270 DISSERTATIO
1219 225 1287 269 lv.

268 341 431 387 ,Βλίσαι
459 338 670 384 καπνίσαι
692 337 916 393 μελίσσας,
939 335 1161 395 Ἐκβλίσαι
1189 337 1428 395 ἐκθλίψαι·
1456 337 1619 395 eutem
1645 323 1696 394 ᾖ(

267 409 316 452 τὸ
345 407 400 451 τὰ
439 406 569 464 κηρία
603 404 797 460 θλίβειν,
843 406 990 463 quibus
1033 406 1221 450 omnibus
1261 405 1451 450 convenit
1485 403 1697 464 prototyp

267 472 391 530 βλίω.
456 472 633 529 Βρίζειν
670 485 696 515 a
728 472 805 528 βρί
841 470 955 530 βαρύ
997 473 1222 517 derivatum
1263 473 1428 530 proprie
1463 473 1675 530 gravedim

269 540 579 593 somnulentam‚
608 546 651 583 ut
664 540 867 597 Apulejus
892 540 1083 598 loquitur,
1113 539 1348 597 significare
1371 537 1605 584 Nitzschius
1633 548 1678 583 co

268 614 331 651 set
357 607 411 650 ad
434 605 584 664 Odyss.
613 605 686 650 IX.
719 606 813 650 149.
871 606 992 661 Δίζω
1026 609 1114 652 sive
1145 606 1343 664 δίζημαι,
1372 603 1484 664 ὅήω,
1515 603 1677 665 δεδάομ,

268 674 448 718 confines
478 674 697 726 sciscendi‚
727 675 968 718 sciscitandi
996 682 1036 718 et
1064 674 1224 718 sciendi
1253 673 1572 732 complectuntur
1597 673 1678 718 noti

267 755 344 785 nes
374 755 401 784 a
439 740 514 795 ζίω
554 741 687 797 ζητέω
726 755 809 785 non
843 741 1018 785 alienas.
1075 740 1163 785 Nec
1198 740 1328 795 κτίζω
1366 754 1393 784 a
1431 738 1621 792 κτάομαι
1647 746 1690 785 tt

267 808 393 864 longe
431 808 607 852 discedit
643 814 686 851 ut
722 810 915 864 cognatio
953 823 1035 853 non
1076 814 1284 867 appareat.
1341 807 1494 862 Νίζειν
1523 813 1564 850 et
1601 805 1680 862 νίψ

269 877 575 932 grammaticus·
597 873 731 918 Cram.
767 875 797 917 l.
827 876 923 919 291.
964 873 1056 920 ἀπὸ
1085 879 1161 920 τοῦ
1189 877 1248 918 νῶ
1272 876 1350 919 τοῦ
1383 874 1490 932 ρέω,
1529 886 1607 917 noc
1645 873 1686 917 dt

269 942 446 985 similem
486 942 549 984 illi
585 949 828 1000 potestatem
864 943 989 986 hahet
1027 943 1202 996 νοτίζω,
1254 944 1320 985 cui
1357 954 1463 999 quae
1500 941 1679 999 praemis

270 1016 363 1052 sunt
391 1010 559 1052 nomina
576 1008 714 1061 νότος,
744 1009 861 1061 νοτίς
880 1017 920 1053 et
949 1009 1072 1054 νοτία
1098 1010 1152 1053 ad
1179 1009 1288 1052 idem
1313 1007 1396 1053 νέω
1423 1010 1614 1052 revocari
1636 1021 1689 1065 po

270 1082 374 1119 sunt.
430 1076 594 1130 Σίζειν,
626 1077 734 1133 quod
757 1076 994 1120 Eustathius
1021 1076 1141 1127 1241,
1172 1075 1239 1119 15.
1276 1089 1368 1119 cum
1399 1075 1486 1129 ζεῖν
1514 1073 1700 1120 contend

272 1149 382 1186 certe
406 1149 491 1186 tam
519 1145 698 1187 nativum
730 1152 792 1187 est
815 1157 936 1201 quam
964 1145 1244 1200 germanicum
1268 1142 1384 1186 sibili
1405 1154 1566 1186 nomen.
1607 1141 1668 1189 Ve
1702 1194 1705 1202 ,

271 1208 401 1263 σχίζω
436 1217 679 1268 prototypon
710 1210 944 1254 Salmasius
982 1212 1096 1268 ponit
1128 1209 1232 1264 χίω,
1274 1210 1560 1276 ιιιιιίεἱιιοιιιειι
1585 1209 1659 1253 lite
1681 1249 1683 1252 ,

268 1280 314 1330 χῖ
342 1277 503 1320 ductum
542 1291 660 1330 esse;
698 1285 842 1322 nostra
878 1280 1081 1321 sententia
1122 1279 1257 1332 magis
1295 1277 1348 1321 ad
1391 1277 1476 1322 κὲω
1510 1277 1599 1321 sive

271 1344 463 1394 inclinat,
503 1346 610 1388 unde
641 1343 779 1399 κεάζω
811 1353 851 1388 et
880 1342 1076 1398 σκεδάζω
1104 1347 1326 1402 repetimus
1354 1358 1392 1389 v.
1425 1342 1470 1388 G.
1501 1343 1533 1387 Ι.
1563 1345 1599 1400 §.
1620 1346 1707 1391 3.

259 1406 382 1464 Ὄζω
413 1412 548 1455 simile
581 1419 645 1455 est
671 1412 809 1456 verbis
837 1411 1009 1454 halandi
1031 1407 1096 1455 ὀίω
1126 1419 1167 1455 et
1196 1407 1300 1464 ὂίζω.
1358 1410 1422 1455 Dc
1445 1413 1630 1469 proximo
1658 1407 1704 1469 gs

272 1490 371 1520 nere
397 1475 668 1536 ‘HQcodtavdg
710 1478 921 1523 πείθεται
955 1477 1176 1536 Φιλοξένω
1206 1475 1377 1522 εἰπόντι
1407 1475 1467 1530 ὡς
1495 1477 1546 1522 τὸ
1576 1480 1680 1533 κνυζ
1700 1508 1701 1511 =

272 1544 398 1600 παρὰ
425 1543 475 1588 τὸ
505 1542 653 1599 κνύζω,
683 1548 812 1588 τοῦτο
848 1545 897 1588 δὲ
923 1543 1050 1600 παρὰ
1068 1544 1117 1588 τὸ
1141 1542 1254 1588 κνύω
1273 1545 1438 1601 γίνεται
1469 1544 1617 1605 ὥςπερ
1637 1544 1695 1601 μ’

271 1608 408 1664 μύζω,
441 1608 559 1669 τρύω
588 1609 730 1667 τρύζω
758 1610 872 1654 Eust.
895 1611 1018 1663 1746,
1046 1610 1086 1654 4.
1117 1625 1197 1668 quo
1230 1625 1314 1655 non
1344 1611 1569 1659 affirmatur
1598 1606 1705 1657 must

275 1677 499 1734 aliquando
534 1679 578 1720 in
617 1692 695 1721 usu
737 1678 868 1722 fuisse
907 1677 986 1722 hoc
1023 1678 1245 1722 intellectu.
1309 1677 1396 1723 Sed
1438 1683 1632 1724 usitatum
1683 1701 1698 1719 -ι

272 1744 423 1798 μύζειν
456 1744 756 1800 significatione
798 1745 950 1803 duplici
983 1746 1228 1790 mussitandi
1265 1753 1304 1789 et
1345 1748 1533 1803 sugendi.
1591 1747 1677 1792 Sch

273 1810 401 1853 Arist.
434 1810 601 1854 Thesm.
631 1813 727 1854 231.
765 1811 891 1868 παρὰ
921 1810 969 1854 τὸ
1014 1815 1072 1865 μῦ
1112 1815 1337 1871 παρῆκται
1368 1813 1420 1858 τὸ
1446 1813 1598 1870 μύζειν
1625 1831 1711 1862 πο

273 1877 369 1928 λοῖς
398 1872 552 1929 ἄλλοις
574 1875 759 1932 ὁμοίως,
798 1891 944 1934 nempe
974 1885 1015 1920 ut
1052 1881 1131 1935 γρῦ
1157 1877 1318 1935 γρύζω,
1358 1884 1446 1939 φεῦ
1480 1882 1626 1940 φεύζω
1657 1897 1696 1927 θ’

276 1943 378 1987 Cum
406 1945 552 1987 eadem
585 1958 684 1988 vero
723 1947 1007 2001 interjectione
1041 1945 1282 2001 colligatum
1315 1955 1379 1991 est
1404 1946 1531 2002 μύειν
1556 1948 1678 2007 χείλη

276 2009 542 2067 ὀφθαλμούς
580 2019 620 2054 et
656 2009 825 2066 μύζειν,
865 2012 974 2068 quod
1001 2010 1170 2056 Photius
1207 2015 1497 2071 interpretatur
1525 2014 1693 2073 θηλάζε

275 2076 431 2131 λείχειν
472 2075 709 2131 ἐκπιέζειν,
752 2079 996 2122 arctioribus
1034 2093 1155 2136 quam
1189 2078 1316 2133 μύειν
1352 2081 1500 2126 finibus
1539 2086 1715 2127 termin

273 2151 376 2195 tum3
412 2158 507 2187 nam
544 2145 594 2188 de
621 2145 753 2189 labris
783 2147 903 2190 modo
943 2147 1090 2190 dicitur
1126 2146 1194 2190 vel
1222 2149 1385 2206 proprie
1414 2163 1487 2206 pro
1514 2163 1664 2207 sugere
1690 2155 1716 2196 ,j

273 2211 411 2270 μυζᾷν
439 2225 476 2255 v.
507 2212 559 2254 ad
579 2212 645 2268 Aj.
675 2227 712 2270 p.
734 2213 826 2256 179.
857 2220 896 2256 et
924 2215 1119 2257 novitium
1146 2212 1356 2269 βυζάνειν,
1384 2215 1638 2274 βυζάστρια,
1665 2231 1707 2262 v

273 2278 444 2334 figurate
474 2277 705 2332 Μύζοντος
739 2280 1111 2337 μυκτηριζομένου
1148 2287 1189 2323 et
1225 2281 1503 2340 Μυκτηρίζει
1533 2282 1716 2340 χλευάζ

275 2341 366 2388 ἀπὸ
409 2349 487 2389 τοῦ
528 2343 678 2400 μύζειν
713 2350 807 2398 τοῖς
847 2350 1086 2404 μυκτῆρσιν
1121 2345 1298 2404 Hesych.
1337 2348 1612 2406 Interjectioni
1651 2358 1717 2394 112!

277 2412 482 2456 absimilis
519 2419 583 2456 est
609 2426 690 2456 vox
717 2413 916 2464 bubonis,
945 2415 1013 2470 qui
1041 2427 1193 2469 graece
1222 2413 1333 2469 βύζα
1361 2416 1510 2460 dicitur
1536 2414 1627 2462 ἀπὸ
1655 2435 1699 2462 τ

274 2479 431 2534 βύζειν.
489 2478 704 2522 Diversum
734 2494 832 2523 vero
860 2479 1025 2536 βύζειν,
1062 2481 1169 2537 quod
1207 2494 1280 2539 pro
1310 2479 1431 2538 βύειν
1454 2484 1587 2536 valet,
1626 2476 1716 2533 und

272 2546 496 2603 perfectum
513 2546 704 2601 Ζέβυται
731 2547 932 2591 νένακται
959 2540 1056 2590 Hes.
1083 2548 1125 2591 id
1152 2555 1214 2591 est
1241 2549 1461 2604 βέβυσται.
1516 2551 1604 2596 Nec
1631 2552 1686 2607 βλ
1712 2550 1716 2558 ”

279 2614 363 2666 ζειν
395 2621 435 2656 et
455 2613 632 2670 φλύζειν
662 2611 896 2671 discrepant
925 2627 951 2657 a
978 2612 1124 2669 βλύειν
1150 2622 1189 2658 et
1218 2613 1384 2672 φλύειν.
1447 2616 1690 2676 Τρύζειν,ο
1714 2607 1716 2612 ¹

275 2694 532 2736 synonymon
561 2688 624 2724 est
661 2678 897 2737 γογγύζειν,
938 2689 977 2725 et
1012 2680 1215 2739 Θριμμός
1242 2681 1484 2740 γογγυσμός
1510 2683 1607 2729 Hes.
1638 2687 1698 2732 si
