1708 3126
220 182 286 229 34
684 173 1137 219 DISSERTATIO
1181 175 1230 220 ΙΙ,

222 291 460 346 conjectura
495 301 522 331 a
550 286 738 342 στείβειν
774 293 914 330 natum
943 300 1041 331 esse
1069 288 1271 343 στέμβειν
1299 285 1562 344 proculcare,
1598 301 1694 344 pro-

220 366 355 402 terere
379 362 420 398 et
441 351 671 411 ἀστεμφής
695 365 786 396 cum
812 352 940 410 alpha
963 353 1222 410 pleonastico
1246 353 1481 411 copulatum
1500 360 1544 397 ut
1565 350 1695 398 ἄστε-

221 420 341 479 ροπή
376 422 539 477 proprie
567 419 804 474 significare
835 418 1019 464 στιπτόν
1050 420 1319 473 inculcatum,
1348 421 1552 478 spissum,
1582 434 1695 464 com-

221 495 405 546 pactum,
436 487 613 542 denique
638 485 795 528 firmum
821 492 862 529 et
890 486 1099 530 immobile
1123 493 1166 530 ut
1190 483 1403 545 στιβαράς
1429 493 1471 530 et
1494 488 1696 541 stipulum

221 557 335 609 apud
357 561 509 598 veteres
533 555 700 608 firmum
721 554 935 596 dicebatur
957 550 1065 596 Fest.
1090 555 1142 606 ¹).
1186 552 1267 597 Pro
1289 553 1388 597 beta
1413 559 1550 597 autem
1573 566 1694 610 quam

221 621 363 665 facilis
393 621 446 663 sit
475 621 687 676 aspiratae
710 620 925 663 successio
953 620 1219 674 cognoscitur
1247 633 1299 663 ex
1323 621 1565 676 synonymis
1595 616 1700 663 στό-

218 692 300 743 βος
329 693 369 729 et
397 683 613 743 στόμφος,
653 685 882 743 στέμφυλα
912 692 953 728 et
986 683 1234 736 στούππια,
1266 687 1329 730 sic
1357 687 1467 730 enim
1492 687 1698 743 posterio-

220 767 290 797 res
331 752 591 810 appellarunt
627 753 766 796 fraces
798 766 836 795 v.
869 751 1132 809 Moschopul.
1172 753 1216 794 in
1244 751 1421 811 Agapet.
1455 754 1501 796 in
1531 751 1694 796 Fabric.

218 819 327 863 Bibl.
349 818 419 862 Gr.
446 818 498 862 Τ.
516 817 609 860 XII.
629 819 725 862 306.
768 818 911 874 Neque
943 819 1124 862 conditio
1150 825 1328 862 mutatur
1355 821 1392 862 si
1416 820 1509 876 quis
1538 815 1697 873 ἀστεμ-

221 883 312 944 φής
347 887 409 929 sic
446 886 626 941 accipiat
662 892 704 928 ut
739 881 1057 941 ἆστυφέλικτος
1094 898 1184 928 cum
1216 884 1341 941 alpha
1367 886 1571 942 privativo
1603 885 1696 941 jun·

220 959 341 996 ctum.
385 951 506 1006 Σέβω
537 951 645 994 unde
676 948 834 1004 σεμνός
858 951 1084 994 derivatum
1114 958 1178 994 cst
1203 958 1245 994 ut
1271 950 1324 994 ab
1353 948 1507 1008 ἔρεβος
1529 951 1700 1007 ἕρεβενω

219 1016 296 1070 vag
324 1014 524 1076 ἒρεμνός,
563 1016 901 1072 Wyttenbachius
941 1017 996 1070 ad
1024 1016 1128 1060 Plut.
1163 1016 1214 1060 de
1242 1017 1350 1060 Aud.
1386 1025 1494 1074 poet.
1532 1032 1569 1074 p.
1599 1017 1695 1060 278.

223 1085 278 1128 ad
315 1081 430 1128 σεύω
471 1083 613 1138 σοβέω
656 1084 805 1134 refert,
850 1085 965 1139 quus
999 1096 1184 1140 propago
1223 1090 1288 1126 est
1325 1082 1517 1143 σοβαρός
1550 1084 1696 1127 eadem

220 1151 526 1209 significatione
553 1165 635 1208 qua
658 1149 826 1206 σεμνός.
886 1151 1064 1195 Verbum
1094 1148 1264 1208 ἀμείβω
1291 1158 1429 1196 notum
1459 1158 1524 1195 est
1549 1165 1624 1209 per
1648 1142 1702 1196 ε’ῐν

219 1221 417 1275 scriptum
463 1231 586 1269 esse,
630 1215 941 1272 Ἆμεύσασθαι
983 1216 1359 1275 περαιώσασθαι,
1401 1220 1700 1278 Παραμεῢσαι

221 1287 472 1342 παρελθεῖν
498 1287 596 1328 Hes.
626 1291 704 1328 etc.
722 1286 761 1338 ²)
791 1297 960 1340 quorum
992 1286 1235 1341 principium
1258 1283 1418 1329 Goraes
1447 1285 1492 1328 in
1518 1287 1698 1342 impera·-

220 1355 318 1397 tivis
363 1351 558 1396 novellae
599 1350 849 1394 Graecitatis
888 1346 973 1405 ὂὲμε
1012 1353 1130 1406 (age)
1171 1358 1212 1394 et
1255 1346 1389 1406 ἅμετε
1425 1350 1579 1407 (agite)
1616 1351 1699 1395 sibi

223 1432 456 1476 agnoscere
485 1419 648 1462 videtur
678 1417 734 1461 ad
761 1417 890 1461 lsocr.
923 1431 961 1473 p.
991 1418 1087 1461 277.
1119 1418 1173 1461 ad
1201 1417 1305 1462 Plut,
1335 1417 1387 1461 T.
1410 1416 1459 1462 V.
1486 1416 1583 1462 407.
1621 1420 1698 1463 secl

222 1488 360 1544 potius
389 1487 432 1528 in
455 1485 586 1528 latino
611 1497 724 1534 meo,
752 1486 910 1538 mi9r0,
941 1492 1078 1533 muln,
1109 1492 1280 1528 mutuus
1299 1486 1457 1538 μοῖτος
1479 1484 1697 1530 delitescit.

222 1551 478 1597 vicissitudo
501 1551 868 1606 significationum,
898 1564 1002 1606 quas
1021 1549 1162 1594 Latini
1186 1551 1427 1595 diversitate
1451 1550 1698 1596 declinatio-

223 1621 291 1663 nis
320 1619 591 1662 distinxerunt
618 1619 767 1672 fucare
794 1622 835 1659 et
863 1617 1027 1671 ἴκρι’-νε,
1058 1617 1167 1673 apud
1198 1615 1385 1661 Graecos
1413 1616 1592 1680 diversis
1622 1632 1698 1663 no-

223 1692 314 1730 tata
336 1692 401 1729 est
422 1685 644 1735 consonis;
667 1696 764 1726 nam
787 1681 910 1739 φέβω
934 1682 1170 1740 (φέβομαι)
1194 1683 1420 1729 factitivum
1441 1690 1522 1736 est,
1547 1682 1698 1742 φεύγω

224 1752 412 1796 neutrale
449 1776 505 1784 --
543 1746 568 1793 ὁ
601 1749 650 1792 δὲ
671 1746 961 1806 Ἀρίσταρχος
999 1749 1295 1805 σεσημείωται
1328 1748 1402 1794 ὅτι
1439 1747 1586 1808 φόβος
1622 1749 1700 1806 &wi

224 1821 304 1875 τῆς
333 1820 478 1875 φυγῆς
507 1814 673 1870 (Lehrs.
698 1815 826 1857 ArIst.
857 1828 895 1870 p.
922 1813 1022 1868 89.)
1073 1814 1253 1873 Utroque
1284 1818 1491 1873 antiquius
1523 1817 1697 1862 forsitan

225 1884 349 1927 fuerit
372 1882 477 1941 φάω
503 1879 751 1938 παιφάσσω
777 1887 927 1924 motum
949 1881 1150 1937 trepidum
1169 1883 1432 1938 significans,
1461 1883 1570 1926 uude
1590 1883 1699 1942 φάψ

225 1957 267 1994 et
295 1947 448 2007 φάσσα
478 1947 689 1999 columba,
720 1961 827 2003 quae
856 1960 955 2003 prae
986 1949 1136 1991 ceteris
1165 1947 1339 2007 τρήρων
1370 1949 1414 1992 id
1443 1956 1507 1993 est
1535 1951 1699 2008 trepida

224 2023 418 2067 vocatur;
460 2028 487 2058 a
523 2014 646 2071 φέβω
688 2011 807 2071 φοβή
850 2027 970 2057 coma
1005 2014 1257 2066 vibrissans,
1297 2015 1406 2058 alias
1439 2019 1550 2074 σοβή
1587 2018 1700 2061 dicta

227 2096 255 2126 a
282 2079 396 2127 σεύω
427 2088 469 2124 ut
491 2081 699 2124 vibrissae
730 2079 966 2136 pilinarium
996 2082 1064 2137 qui
1093 2082 1238 2137 spiritu
1267 2089 1480 2126 moventur
1497 2084 1552 2136 ³).
1612 2083 1697 2127 Sed

227 2149 389 2193 duobus
441 2146 574 2203 λείβω
619 2153 659 2190 et
701 2144 847 2204 κρύβω
892 2160 1079 2190 consona
1120 2147 1332 2191 mutabilis
1378 2149 1542 2205 quidem
1590 2151 1700 2194 inest

322 2304 356 2347 l)
387 2302 497 2339 Unde
519 2301 721 2337 Huschkius
747 2302 771 2346 (
779 2301 948 2347 Ver-fuss.
969 2302 1039 2337 des
1063 2301 1172 2338 serv.
1193 2301 1292 2340 Tull.
1312 2315 1347 2350 p.
1367 2302 1464 2349 133.)
1487 2305 1699 2351 cognoverit

226 2360 395 2396 vocalem
425 2359 575 2405 primam
606 2357 713 2404 hujus
746 2358 915 2394 vocabuli
947 2358 1093 2405 longam
1124 2370 1208 2394 esse
1242 2370 1317 2395 non
1346 2359 1478 2403 vide03
1510 2356 1562 2395 ex‘
1581 2361 1699 2398 verbo

226 2418 333 2464 stipo
359 2427 432 2451 non
459 2415 631 2460 sequitur.

318 2471 357 2516 2)
389 2471 466 2507 Pro
489 2470 706 2517 Ἐξημεῦσαι
736 2470 957 2515 ἀποκινῆσαι
988 2470 1194 2506 sribendum
1222 2476 1278 2506 est
1302 2469 1497 2516 ἕξήμευσαι
1524 2470 1696 2509 ‹inexsat-

226 2538 346 2574 νησαι.
394 2527 580 2563 Praesens
602 2524 727 2574 ἆμεύω
746 2538 819 2562 non
844 2531 944 2561 extat
967 2537 1036 2561 nec
1057 2526 1210 2573 simplex
1227 2538 1296 2562 nec
1319 2528 1568 2574 compositum.
1603 2533 1697 2565 Δια-

225 2587 362 2629 μέστας
384 2582 598 2629 ἓξαλλάκτης
614 2582 692 2630 jam
716 2582 1010 2618 Hemsterhusius
1032 2583 1078 2617 ad
1102 2582 1204 2630 ἀμέω
1228 2584 1428 2619 revocavit.

316 2640 354 2684 3)
385 2640 525 2676 Coi-aes
558 2641 605 2675 ad
628 2639 739 2675 Isocr.
773 2650 808 2685 p.
835 2638 892 2674 61.
923 2640 1002 2685 φέω
1026 2639 1124 2684 prius
1159 2638 1289 2674 dictum
1323 2650 1406 2674 esse
1438 2650 1542 2686 quam
1566 2641 1694 2689 ᾳεὺγω

227 2699 330 2742 φέβω
363 2696 497 2741 colligit
526 2708 572 2731 ex
604 2707 650 2732 eo
675 2697 772 2742 quod
805 2695 914 2731 hodie
937 2692 1099 2743 σιρεύγω
1127 2695 1249 2731 dicunt
1272 2707 1340 2741 pro
1369 2699 1503 2746 σπερῶ,
1537 2701 1696 2745 τελευγῶ

229 2763 296 2797 pro
321 2754 409 2787 τελῶ
435 2758 470 2786 et
493 2752 656 2792 similiter
679 2755 816 2798 κλέγω,
841 2753 982 2797 πτέγω,
1010 2748 1134 2797 καύγω
1167 2762 1235 2798 pro
1259 2754 1372 2788 κλαίω
1399 2757 1467 2788 etc.
