1728 3120
252 197 351 245 208
686 185 1155 233 DISSERTATlo
1201 191 1294 238 x11

253 335 291 376 p
324 317 417 360 196.
463 311 489 372 ἡ
519 310 703 369 τετάρτη
742 309 923 366 συζυγία
950 315 1037 356 τῶν
1073 312 1137 366 εἷς
1165 332 1217 369 μι
1252 313 1345 361 ἀπὸ
1373 319 1454 376 τῆς
1480 319 1608 380 ἕκτης
1636 322 1699 367 τό

251 378 502 440 βαρυτόνων
542 375 726 434 ζευγνύω
759 376 977 432 ζεύγνυμι,
1024 379 1266 436 κεραννύω,
1309 381 1560 443 κεράννυμι,
1599 383 1698 446 qua¹

252 448 579 494 terminationem
615 450 752 488 notum
792 451 855 487 est
894 445 946 487 ab
976 445 1180 491 Atticistis
1210 449 1435 505 praeferri:
1477 449 1507 510 ἦ
1534 453 1692 513 cavam:

248 515 429 571 συζυγία
458 517 545 557 τῶν
583 511 647 564 εἷς
684 531 735 566 μι
776 515 1077 572 προτιμοτέρα
1106 519 1201 568 τοῖς
1231 507 1452 598 Ἀττικοῖς
1477 523 1558 566 τοῦ
1583 526 1707 581 βαρι,

249 585 377 629 τόνου
406 581 554 625 Thom.
571 580 667 622 229.
699 595 932 623 cenantem
937 597 1033 624 υναι
1062 577 1274 636 ἅττικιῦς,
1316 580 1621 634 ἀποκτιννύειν
1650 587 1683 634 ε’

247 651 433 708 ληνικῶς
466 647 600 690 Moer
637 643 820 700 ομνύναι
848 643 1060 699 μᾶλλον’
1046 666 1070 704 η
1103 644 1279 702 ὀμνύειν
1308 647 1368 703 ὥς
1395 651 1614 709 ζευγνύναι
1645 655 1700 700 κ(

245 718 299 761 τὰ
330 715 464 770 ὅμοια
494 714 610 757 Phot.
652 710 877 767 ζευγνύασι
909 711 981 755 καὶ
1021 711 1241 759 κτιννύασι
1273 716 1348 761 καὶ
1377 717 1625 765 δεικνύασι·
1664 738 1685 765 τ

246 785 294 828 δὲ
324 778 572 838 ζευγνύουσι
603 779 676 822 καὶ
708 778 761 822 τὰ
792 777 927 832 ὅμοια
959 777 1082 823 κοινά
1103 779 1250 825 Thom.
1277 789 1354 827 etc.
1410 783 1565 829 Horum
1593 789 1696 843 igitu

243 851 463 895 verborum
501 853 675 904 quatuor
717 853 809 888 sunt
839 845 998 896 sontes3
1041 860 1067 889 a
1093 847 1232 891 verbis
1261 848 1709 911 bisyllabis,quoru1‘

243 919 571 964 terminationem
603 920 674 969 (ω)
705 915 917 972 praecedit
932 916 1116 968 vocalis
1148 917 1329 962 averbis
1348 919 1702 979 hyperdisyllabis

245 999 415 1044 quorum
459 985 581 1040 stirps
626 995 813 1026 consona
854 984 1096 1026 terminatur
1137 986 1351 1028 accinente
1393 989 1530 1032 vocali
1574 990 1711 1034 brevi¹

241 1054 385 1097 tertius
417 1050 468 1093 ab
496 1049 562 1092 his
597 1062 702 1105 quae
735 1048 1027 1105 diphthongum
1057 1051 1099 1091 in
1125 1051 1350 1106 penultima
1375 1052 1551 1107 habent;
1591 1055 1709 1112 quar

242 1128 306 1164 tus
341 1133 367 1162 a
402 1117 542 1161 verbis
581 1129 664 1159 non
700 1117 827 1172 puris.
885 1115 1022 1159 Primo
1060 1118 1206 1172 generi
1251 1125 1336 1162 tres
1375 1127 1469 1164 sunt
1501 1121 1688 1178 subjecta

241 1187 404 1244 species
432 1197 508 1240 pro
532 1196 700 1226 numero
731 1183 1063 1237 conjugationum
1084 1183 1448 1230 circumflexarum.
1505 1187 1546 1231 A
1572 1189 1688 1233 verbi
1710 1183 1713 1187 ⁴

238 1256 396 1311 primae
419 1251 723 1306 conjugationis
743 1249 831 1291 sive
856 1250 1019 1292 usitatis
1040 1251 1128 1293 sive
1156 1250 1388 1295 thematicis
1416 1249 1560 1306 ἓννύω,
1591 1259 1713 1311 σβενιι

239 1318 346 1369 νύω,
384 1318 631 1374 βόέννυμαι.
691 1315 757 1358 Ab
790 1315 920 1358 altero
961 1317 1104 1359 ordine
1137 1331 1257 1361 unum
1284 1317 1535 1375 χρηννύναι,
1574 1323 1611 1365 si
1635 1336 1710 1366 se*

239 1389 399 1444 quimur
429 1384 672 1426 Criticorum
703 1384 980 1437 conjecturam
1009 1385 1075 1438 qui
1107 1383 1186 1427 hoc
1214 1386 1256 1426 in
1287 1384 1494 1443 Theophr.
1523 1385 1646 1432 Char.
1661 1388 1710 1432 V.

239 1452 323 1504 (VI.
355 1452 419 1494 ed
451 1449 645 1493 Schneid
676 1447 794 1492 XXI.
823 1449 934 1499 Ast)
971 1463 1022 1492 ex
1051 1450 1170 1493 codd.
1200 1453 1389 1507 vestigiis
1421 1451 1504 1510 χρὴ
1535 1457 1610 1498 νῦν
1638 1451 1712 1500 ἀεὶ

236 1524 528 1576 reposuerunt3
560 1516 612 1558 ab
637 1515 838 1558 obsoletis
867 1513 959 1558 τάω
985 1523 1024 1558 et
1054 1514 1174 1559 στάω
1191 1526 1497 1575 processerunt
1509 1521 1636 1565 τείνω
1665 1529 1711 1566 ut

238 1582 354 1628 κτάω
390 1581 540 1626 κτείνω
575 1589 615 1625 et
645 1579 830 1630 ιστάνω,
860 1580 956 1624 hinc
984 1596 1058 1639 per
1090 1585 1301 1627 misturam
1330 1586 1537 1642 quandam
1564 1586 1708 1632 τανύω

236 1660 276 1694 et
306 1647 477 1694 στανύω
508 1651 551 1691 in
580 1648 766 1705 Inscript.
798 1646 906 1691 Cret.
963 1648 1003 1691 A
1031 1651 1150 1693 tertio
1178 1648 1381 1705 χώννυμι,
1410 1653 1520 1709 quod
1549 1661 1591 1698 ut
1619 1669 1708 1699 ma-

233 1719 426 1761 nifestum
459 1723 521 1758 est
551 1715 603 1758 ab
634 1716 786 1758 usitato
812 1713 904 1768 χόω
934 1715 1160 1759 derivatum
1194 1731 1312 1768 esse„
1349 1719 1410 1762 ita
1442 1733 1549 1776 quae
1573 1719 1705 1778 Etym.

235 1783 338 1827 Gud.
366 1783 471 1834 315,
502 1783 569 1826 38.
609 1789 647 1826 et
689 1781 878 1837 Theogn.
908 1781 958 1825 II.
991 1782 1084 1825 159.
1124 1783 1220 1827 huic
1263 1785 1488 1842 adjtmgunt
1523 1786 1706 1840 ζωννύω,

233 1847 432 1908 ῥωννύω,
472 1847 723 1906 στρωννύω,
762 1846 961 1900 σωννύω,
997 1848 1198 1906 τρωννύω
1236 1863 1320 1894 non
1359 1865 1386 1894 a
1413 1849 1561 1909 τρώω,
1603 1853 1706 1912 ῥώω

232 1917 308 1959 sed
342 1930 368 1959 a
394 1915 778 1972 brachyparalectis
807 1917 937 1971 repeti
958 1923 1278 1960 consentaneum
1309 1924 1373 1961 est
1400 1920 1587 1974 quamvis
1616 1933 1705 1964 ma-

229 1985 382 2026 ximam
410 1988 567 2038 partem
605 1982 656 2023 ab
689 1995 766 2023 usu
794 1983 977 2024 remotis.
1036 1982 1175 2025 Verba
1210 1984 1380 2027 secundi
1410 1987 1579 2040 generis
1611 1994 1704 2030 sunt

189 2066 196 2073 ·
231 2048 476 2093 σκεδαννύω
509 2050 596 2090 sive
629 2045 908 2098 σκεδάννυμι,
947 2046 1207 2103 πετάννυμι,
1237 2047 1490 2105 κεράννυμι,
1521 2052 1703 2109 κρεμάν-

229 2132 352 2169 νυμι,
384 2127 489 2170 quae
518 2114 813 2170 primitivorum
843 2112 988 2156 locum‘
1011 2122 1283 2171 occuparunt,
1314 2115 1476 2173 duoque
1506 2130 1534 2160 a
1560 2119 1701 2162 verbis

229 2183 385 2239 primae
421 2180 744 2235 conjugationis,
782 2193 905 2222 unum
946 2181 1175 2237 κορέννυμι
1203 2181 1302 2224 Hes.
1343 2189 1423 2239 qiio
1459 2183 1585 2228 multo
1614 2187 1702 2229 usi-·

226 2250 351 2291 tatius
382 2254 445 2290 est
477 2246 639 2304 κορέω,
684 2246 855 2288 alterum
897 2247 1171 2304 στορέννυμι,
1211 2248 1367 2291 nullum
1403 2262 1504 2294 vero
1542 2250 1596 2293 ab
1633 2253 1700 2304 iis,

227 2330 333 2374 quae
364 2317 539 2359 futurum
569 2317 613 2357 in
639 2305 733 2370 ᾖ-ὀ-Ῑυ
766 2316 946 2366 mittunt,
985 2314 1184 2373 φιλήσω,
1222 2315 1416 2375 τιμήσω·
1447 2332 1544 2362 nam
1573 2336 1700 2364 :caw-

227 2382 479 2426 κεντάννυτο
509 2385 552 2424 in
580 2381 900 2424 Pseudoluciani
931 2381 1155 2440 Philopatr.
1186 2383 1221 2438 ξ.
1241 2383 1281 2426 4.
1308 2385 1605 2441 assignandum
1633 2394 1698 2430 est

226 2450 385 2493 auctori
413 2448 617 2500 barbar03
649 2446 1013 2503 Ἐπιπωμάννυμι
1042 2450 1084 2491 in
1108 2448 1239 2492 Math.
1270 2449 1374 2494 Vett.
1406 2465 1540 2509 neque
1566 2453 1695 2497 verbo

223 2530 357 2573 neque
385 2516 541 2559 nomini
581 2521 672 2572 apte
711 2515 919 2558 cohaeret.
976 2514 1090 2558 Haec
1128 2517 1268 2559 omnia
1297 2524 1391 2561 ante
1424 2518 1590 2575 ypsilon
1618 2519 1694 2564 ha-

223 2585 323 2627 hent
357 2584 506 2641 duplex
539 2574 600 2627 v—v.
656 2582 761 2627 Nam
800 2597 906 2640 quae
935 2581 1174 2638 Eustathius
1205 2599 1242 2642 p.
1274 2586 1368 2638 790,
1397 2586 1467 2630 59.
1494 2587 1539 2630 in
1571 2586 1692 2631 libris

224 2653 311 2695 suis
352 2652 507 2707 scripta
546 2652 701 2694 invenit
739 2650 906 2703 ζωνύω,
943 2647 1117 2704 χωνύω,
1155 2650 1279 2695 hodie
1322 2666 1405 2696 non
1442 2661 1691 2710 comparent,

221 2731 355 2774 neque
386 2724 669 2761 consentanea
708 2722 800 2759 sunt
838 2717 1010 2772 regulae
1037 2715 1132 2759 EM.
1160 2718 1256 2769 251,
1286 2719 1353 2762 26.
1393 2717 1524 2776 Epim.
1555 2718 1690 2764 Cram.

223 2785 253 2827 I.
277 2786 370 2828 111.
401 2786 455 2829 τὰ
487 2784 551 2838 εἷς
577 2776 666 2830 {HJ—cz]
698 2785 739 2830 εἰ
766 2785 845 2839 μὲν
871 2783 1103 2844 ὄιφθόγγῳ
1125 2786 1468 2843 παραλήγονται,
1499 2786 1562 2833 δι’
1598 2787 1696 2841 ἑνὸς
