1728 3120
283 186 388 231 cn»
416 186 482 230 ιν.
539 185 612 232 DE
644 184 843 230 vsnms
876 184 933 230 1N
959 177 1039 238 σῖ,
1070 177 1184 240 ἇῐαῖ,
1212 177 1286 232 ἧτ-
1429 192 1531 239 243

137 320 157 335 υ
217 307 387 361 praeter
418 299 674 356 Hesychium
705 313 838 357 eoque
870 299 964 357 plus
994 301 1247 358 suspicionis
1277 300 1403 346 habet
1421 303 1532 360 quod

64 365 316 427 δρωμᾶω
347 368 512 426 quidem
542 370 648 412 satis
685 367 914 411 stabilitum
938 367 1112 411 videtur.
1171 367 1247 412 His
1284 369 1353 413 vel
1385 371 1531 427 eJectis

143 437 463 494 procrastinatis
498 435 725 480 succedunt
762 436 937 492 primum
963 434 1179 479 verbalia:
1223 433 1365 482 ἀΐσσω
1403 438 1531 497 παρὰ

91 497 190 547 οἶω
217 501 268 548 τὸ
301 504 421 551 πνέω
449 502 565 547 Eust.
584 502 681 553 592,
705 503 772 545 32.
807 509 848 545 et
874 505 1056 546 certiora
1080 500 1185 547 είλω
1205 500 1334 548 εἷλέω
1356 502 1531 557 stiuam,

51 581 56 619 ζ
105 586 158 614 ω
189 569 403 628 συρίττω,
442 570 523 614 hoc
546 570 705 625 maJore
736 583 859 626 quam
888 569 994 613 illud
1023 570 1344 626 significationis
1380 571 1530 617 discri-

59 636 147 684 ’“ιιθ
178 650 206 681 a
234 638 444 695 primitivo
475 638 716 693 seJunctum.
775 636 938 680 Deinde
958 650 1189 694 paronyma
1216 637 1408 684 τυλίσσω
1440 654 1532 685 cum

66 695 67 698 Ἴ
103 728 105 740 =
145 705 242 748 etis
271 700 569 756 ἅνατυλίσσω,
601 702 892 756 διατυλίσσω,
929 702 1187 754 ἕντυλίσσω,
1218 705 1531 764 περιτυλίσσω,

183 792 200 811 ,ι
242 771 282 815 si
308 783 434 814 unum
462 772 505 814 in
535 770 790 815 carminibus
820 771 1053 827 legeretur,
1093 773 1194 815 sciri
1225 781 1370 830 posset
1398 781 1532 818 utrum

20 831 75 883 J·
101 835 237 891 maog
273 837 508 882 derivatum
548 840 601 882 sit
642 851 697 882 au
727 851 754 882 a
784 835 914 896 τύλη,
954 840 1070 895 quus
1110 840 1339 896 penultima
1379 842 1531 899 longa3

18 901 138 966 wo
154 905 386 959 μειλίσσω,
417 905 551 963 κέρας
581 905 793 963 κυρίσσω,
824 906 934 963 quod
957 905 1144 950 Thomas
1175 910 1299 952 attice
1323 909 1407 952 dici
1437 923 1532 967 per-

61 986 68 1010 ἰ
120 979 152 1016 ·-t
177 985 254 1030 pro
283 971 511 1031 κερατίζω,
541 970 681 1030 φόνος
706 970 867 1029 φοινός
889 971 1123 1029 φοινίσσει),
1154 974 1290 1027 θέμις
1310 974 1530 1029 θεμίσσω,

75 1039 186 1084 ΙἸιιιε
227 1039 378 1096 subjici
407 1046 583 1098 possunt
619 1039 794 1094 glossae
824 1037 1120 1094 Hesychianae
1162 1039 1399 1098 Δηρίττειν
1440 1040 1532 1100 ἐρί-

23 1102 27 1109 ’
71 1123 149 1159 ιν,
191 1105 470 1152 Φαλίσσεται
508 1105 784 1150 λευκαίνεται
823 1118 849 1148 a
885 1104 1054 1162 φαλός,
1094 1107 1202 1150 unde
1242 1106 1457 1166 φαλύνειν
1492 1118 1533 1153 et

31 1152 67 1207 i»
61 1170 252 1232 »ρύνειν
279 1175 308 1217 i.
334 1186 374 1230 q.
405 1171 693 1231 λαμπρύνειν,
723 1179 764 1215 et
794 1173 1032 1232 φαληριᾷν.
1048 1177 1086 1225 ⁴)
1130 1173 1395 1219 Homericum
1418 1180 1527 1232 θρυ·

10 1221 90 1308 ,ξ
124 1248 185 1297 η·
202 1253 288 1285 ιιοιι
309 1241 414 1284 satis
442 1246 555 1298 patet
585 1245 716 1283 utrum
744 1252 948 1316 praesens
966 1240 1122 1284 haheat
1144 1240 1390 1299 &qvi-[Uram
1421 1244 1531 1302 quod

10 1303 73 1386 33
83 1307 276 1352 statilius
305 1308 439 1366 ponit,
478 1320 533 1351 an
560 1305 784 1364 θρυλίζω,
824 1308 942 1363 quus
973 1309 1080 1352 alius
1111 1309 1276 1366 quidem
1315 1317 1381 1354 est
1406 1311 1530 1355 intel-

10 1392 13 1413 ι
69 1405 71 1408 .
130 1387 169 1419 ·s
202 1376 247 1419 in
266 1373 316 1418 H
335 1374 386 1418 H.
416 1376 460 1418 in
480 1373 614 1418 Merc.
628 1373 743 1418 488.
758 1387 855 1417 nam
885 1374 953 1419 hic
983 1375 1034 1419 de
1065 1376 1244 1420 stridore
1278 1377 1529 1422 chordarum

10 1418 43 1477 i
44 1443 207 1494 citur,
246 1442 502 1499 θρυλλίχθη
540 1449 677 1486 autem
713 1456 798 1486 non
840 1449 883 1486 ut
919 1444 1112 1499 θρῢλος,
1150 1444 1258 1487 unde
1298 1445 1530 1490 derivatum

62 1516 124 1563 t
161 1510 214 1556 de
245 1523 350 1554 sono
380 1509 532 1553 dicitur
572 1510 648 1554 sed
683 1524 759 1568 pro
791 1507 1051 1568 ἑθραύσθη,
1094 1512 1300 1568 quomodo
1338 1513 1532 1559 deutero-

64 1590 259 1634 aragoga
287 1578 459 1633 saepius
488 1576 541 1620 ad
582 1578 930 1633 significationem
959 1578 1153 1634 principii
1185 1581 1249 1621 sui
1278 1580 1534 1637 replicantur

34 1671 36 1681 ι
75 1646 286 1689 ausmisso
308 1644 461 1688 medio.
519 1643 747 1702 Συρίττειν
775 1651 817 1687 et
837 1642 1030 1700 συρίζειν
1050 1644 1322 1690 Grammatici
1344 1655 1532 1692 nontam

20 1713 69 1751 ·¹·
97 1711 251 1757 ellectu
290 1723 413 1770 quam
451 1724 607 1768 genere
653 1711 819 1755 dicendi
860 1711 1167 1764 disterminant,
1212 1713 1317 1757 illud
1363 1716 1529 1760 atticum

64 1786 249 1832 .c‚entes
285 1779 366 1824 hoc
397 1779 574 1835 vulgare
615 1792 653 1822 v.
685 1779 740 1822 ad
767 1778 1048 1835 Phryn.192.
1091 1779 1167 1823 sed
1206 1794 1258 1824 ex
1298 1781 1532 1827 Atticorum

14 1845 286 1907 uiueriptorum
324 1847 434 1891 locis
464 1847 733 1903 cognoscitur
754 1846 834 1890 hos
863 1847 1083 1904 συρίττειν
1107 1853 1148 1890 et
1183 1846 1452 1906 ἐκσυρίττειν
1480 1851 1532 1894 de

64 1916 75 1927 “
106 1914 308 1960 ilantibus
347 1914 487 1958 dicere
521 1927 776 1965 consuesse,
814 1920 960 1971 poetas
989 1927 1090 1958 vero
1122 1916 1308 1970 tragicos
1339 1915 1533 1974 συρίζειν

15 1975 49 2022 ι’
91 1996 242 2042 urpare
281 1981 332 2026 de
363 1988 488 2026 cantu
516 1981 694 2025 fistulae.
754 1980 841 2025 Nec
878 1983 983 2024 satis
1015 1988 1135 2025 caute
1167 1981 1324 2026 Suidas
1356 1981 1532 2038 Λῑνίζω

17 2076 23 2097 ,ν
68 2049 116 2095 αἱ
154 2047 342 2095 alumno
375 2048 426 2093 τὸ
469 2047 516 2093 ἐν
552 2049 838 2107 παραβολαῖς
875 2049 1017 2098 λαλῶ,
1057 2062 1153 2092 nam
1187 2049 1293 2093 illud
1323 2052 1433 2108 epici
1463 2065 1533 2096 as-

16 2155 18 2158 .
67 2119 79 2129 '
108 2123 228 2161 erunt
263 2129 339 2175 pro
383 2113 516 2168 αἰνῶ,
554 2113 815 2170 αἰνίσσομαι
854 2129 955 2160 vero
991 2116 1162 2160 verbum
1192 2125 1434 2162 consuetum
1469 2127 1534 2163 est

19 2232 23 2236 ,
58 2184 348 2242 ''gnificatione
378 2183 561 2227 diversa.
620 2182 942 2227 Tarentinorum
973 2184 1155 2228 dialecto
1188 2185 1401 2244 adscripta
1439 2193 1534 2231 sunt

19 2287 23 2293 ,
102 2250 288 2301 κτίσσω,
332 2249 594 2302 σαλπίσσω,
639 2248 828 2293 Cretensi
870 2249 1066 2305 θεμίζω,
1111 2251 1303 2309 idemque
1350 2253 1533 2298 fortasse

23 2311 272 2392 {discrimen
307 2317 384 2360 fuit
418 2318 527 2360 inter
561 2315 758 2371 Θωμίζει
794 2314 1000 2372 ὄεσμεύει
1030 2317 1149 2361 Phot.
1188 2325 1228 2362 et
1258 2320 1368 2377 quod
1397 2320 1534 2378 Hesy-

19 2367 162 2443 {chius
202 2384 351 2430 eodem
383 2383 507 2428 modo
545 2385 838 2441 interpretatur
872 2382 1109 2439 θωμίσσει.
1175 2387 1422 2442 Θυμιχθεὶς
1458 2405 1533 2433 πι-

28 2450 258 2512 -ρανθείς
284 2451 384 2496 Hes.
417 2451 471 2495 ad
509 2450 760 2506 θυμίζομαι
797 2453 1003 2510 pertinere
1041 2452 1226 2505 videtur,
1266 2468 1348 2511 quo
1388 2457 1534 2500 nescio

19 2522 25 2534 ⁶
130 2519 390 2565 Graecorum
419 2519 549 2577 aliqui
580 2532 654 2576 pro
674 2521 910 2573 θυμοῦμαι
939 2520 1006 2562 usi
1027 2520 1191 2563 fuerint.
1252 2519 1340 2564 Sed
1369 2518 1536 2580 ἀφρίσ-

19 2553 151 2642 illum
181 2601 263 2646 quo
293 2587 404 2631 idem
438 2588 564 2631 utitur
593 2600 626 2630 s.
660 2584 940 2637 Φαλίττεται,
971 2587 1148 2631 forsitan
1179 2600 1316 2632 sermo
1345 2588 1534 2644 vulgaris

139 2738 179 2782 4)
209 2738 483 2785 Λαγαρίηεται
514 2735 761 2785 μετριεύεται,
802 2738 1015 2773 maalmam
1047 2735 1246 2783 ἁμιλλᾶται
1269 2737 1400 2783 (ψαλίς
1423 2737 1444 2782 ἡ
1470 2751 1533 2773 w-

27 2796 131 2853 ᾳεῖα
157 2794 314 2839 κίνησις)
338 2799 374 2828 et
398 2793 470 2829 alia
493 2804 608 2839 aeque
629 2794 795 2829 obscura.

1171 2851 1257 2893 16*
