1728 3120
218 188 319 235 282
634 180 1103 224 DISSERTATIO
1149 181 1278 226 xvn.

218 293 369 355 ῥυμός,
397 292 545 347 χυμός,
567 293 633 344 ²⁰)
664 289 868 346 σεισμός,
898 291 1104 346 λευσμός,
1134 301 1174 337 et
1203 307 1230 337 a
1256 307 1338 338 non
1366 297 1480 352 puris
1507 296 1693 354 ψαλμός

216 359 343 418 παρὰ
370 360 418 402 τὸ
459 357 662 416 ε’ψαλμαι
695 354 756 409 (ὃς
793 358 994 412 τέτιλμαι
1029 358 1183 415 τιλμός
1216 359 1311 403 ΕΜ.
1341 359 1523 417 νυγμός,
1559 363 1705 407 σκυλ-’

171 484 174 488 ¹
217 427 304 484 μός
333 434 410 470 etc.
468 425 515 468 In
546 425 620 468 illo
655 438 830 480 genere,
871 427 1065 482 quoniam
1103 428 1367 483 penultimam
1394 427 1564 485 longam
1591 442 1684 473 esse

218 503 398 555 oportet,
441 495 603 552 epsilon
644 502 819 537 mutatur
855 496 897 537 in
937 512 995 546 ω,
1032 494 1211 550 βλωμός
1247 498 1274 539 i.
1305 510 1344 553 q.
1378 494 1526 551 βόλος
1551 497 1685 559 hohi&

221 561 365 618 ζωμός
387 569 464 605 ete.
502 575 541 604 v.
576 560 731 604 Parall.
759 560 855 603 892.
897 561 1138 617 quibuscum
1179 560 1318 617 δόμος
1354 569 1396 606 et
1430 561 1568 619 γάμος
1604 577 1686 608 non

218 636 413 688 pugnant.
481 627 529 671 In
568 627 700 670 altero
737 627 817 671 hae
854 628 1064 671 molitione
1103 642 1206 685 opus
1243 643 1327 673 non
1364 627 1687 684 θεῐ,«σὲολμός,

219 694 439 756 φλογμός,
471 692 659 752 φορμός,
690 692 889 748 πλοχμός
917 701 957 737 et
993 708 1020 738 a
1050 695 1170 738 πέτω
1205 693 1379 751 πότμος
1405 708 1545 741 casus.
1602 695 1687 741 Sed

221 764 386 822 epsilon
402 764 605 816 integrum
628 767 667 804 et
692 762 943 804 immutatum
962 763 1138 804 retinent
1154 759 1351 819 κρεγμός,
1382 761 1688 820 κροκυλεγμός,

222 829 420 890 φλεγμός
450 823 561 882 αἷμα
581 826 679 870 Hes.
694 828 777 870 nisi
792 827 871 870 hoc
887 835 1061 870 sumtum
1080 835 1144 871 est
1158 842 1208 871 ex
1222 831 1496 884 grammatica
1511 829 1688 887 Thespi-

221 900 287 942 dis
316 896 549 952 tragoedia,
582 907 704 951 quam
729 901 878 938 tractat
906 894 1118 951 BentleJus
1144 897 1188 938 in
1210 893 1283 952 Ep.
1306 896 1373 940 ad.
1389 896 1498 940 Mill.
1512 897 1610 940 491.
1626 910 1688 954 sq.

217 966 503 1025 Diphthongus
532 980 581 1007 αι
608 965 651 1006 in
678 965 854 1007 transitu
873 964 1062 1007 vocalem
1082 965 1392 1022 postpositivam
1420 967 1565 1009 amittit
1583 966 1689 1022 δαρ-

217 1035 322 1091 μός,
362 1029 586 1090 πταρμός,
628 1031 799 1089 σαρμός
829 1039 905 1076 etc.
946 1047 1236 1090 nonnunquam
1275 1036 1400 1079 etiam
1438 1051 1497 1084 ει,
1534 1032 1689 1092 ἐρείκω

218 1101 422 1160 ἓρεγμός,
461 1098 622 1158 ἀγείρω
662 1097 856 1158 ἀγερμός
893 1104 947 1152 (et
978 1098 1188 1158 ἆγυρμός)
1225 1104 1300 1146 sed
1329 1103 1431 1147 alibi
1460 1097 1548 1147 abit
1574 1104 1616 1146 in
1652 1119 1689 1152 ο.

218 1171 350 1228 κείρω
387 1165 552 1226 κορμός
581 1165 722 1210 Schol.
751 1166 798 1208 ll.
828 1165 982 1210 XXIV.
1012 1168 1078 1211 ll.
1110 1167 1213 1212 είλω
1243 1168 1383 1223 ὅλμος
1409 1171 1473 1218 (ut
1505 1169 1689 1213 κυλίνδω

218 1237 465 1295 κύλινδρος)
495 1232 601 1292 είρω
625 1234 765 1294 ὅρμος
783 1242 948 1288 sertum,
979 1237 1109 1280 semel
1137 1240 1180 1280 in
1211 1255 1267 1290 οι,
1297 1236 1468 1296 ἇλείφω
1489 1234 1690 1292 ἇλοιμός,

218 1305 332 1362 quod
367 1317 451 1347 nou
484 1316 635 1346 vereor
670 1316 722 1346 ne
752 1304 844 1359 quis
885 1316 1011 1360 supra
1040 1304 1162 1348 dictis
1202 1300 1394 1360 ἀμοιβάς
1427 1311 1506 1348 etc.
1547 1305 1690 1360 aequi-

215 1378 356 1430 paret3
386 1369 517 1413 semel
534 1371 769 1426 incorrupta
788 1376 926 1413 manet
945 1367 1051 1427 είρω
1071 1369 1237 1427 εἱρμός.
1295 1369 1454 1422 Quibus
1472 1369 1691 1426 subjiciam

215 1446 482 1498 praeceptum
523 1437 791 1481 Grammatici
830 1438 880 1481 de
922 1438 1070 1490 Quant.
1109 1438 1161 1481 T.
1195 1438 1245 1482 ΙΙ.
1275 1439 1372 1482 291.
1409 1437 1466 1482 τὰ
1503 1436 1570 1490 εἷς
1601 1428 1692 1493 {Hc}

217 1507 422 1565 καθαρὸν
451 1502 502 1550 οὗ
533 1504 840 1564 παραλήγεται
869 1510 926 1566 τῇ
955 1508 1078 1560 (adde
1109 1498 1170 1562 ᾗ)
1200 1505 1455 1565 διφθόγγῳ,
1482 1507 1616 1564 χωρὶς
1650 1507 1692 1551 εἰ

215 1575 276 1632 μὴ
310 1571 402 1618 ἀπὸ
443 1573 736 1628 συναιρέσεως
770 1575 932 1627 σχῶσιν
969 1571 1121 1632 αὐτήν,
1160 1571 1321 1632 φιμός,
1361 1571 1526 1630 κημός·
1554 1589 1693 1630 προς-

218 1644 361 1685 κεῖται
388 1638 439 1682 τὸ
469 1639 714 1695 καθαρὸν
745 1639 820 1683 διὰ
848 1639 896 1683 τὸ
931 1639 1084 1699 εἶρμός
1113 1641 1186 1684 καὶ
1216 1638 1415 1694 σεισμός,
1443 1638 1519 1683 καὶ
1547 1637 1595 1683 εἰ
1621 1639 1688 1698 μὴ

219 1705 331 1751 ἀπὸ
373 1721 599 1761 συναιρ.,
638 1705 713 1749 διὰ
745 1704 795 1750 τὸ
828 1706 1001 1761 ὁεῖμος,
1033 1707 1234 1762 (Δεῖμος)
1264 1706 1372 1764 quod
1405 1707 1504 1763 quia
1527 1706 1693 1750 divinae

215 1785 423 1831 personae
453 1785 603 1814 nomen
633 1774 842 1828 proprium
872 1780 947 1824 est,
983 1774 1037 1817 ad
1067 1776 1264 1817 amussim
1295 1773 1518 1829 analogiae
1547 1775 1693 1830 aequi-

213 1853 364 1898 parare
394 1851 477 1881 non
501 1837 755 1903 conabi—mur.
815 1838 1006 1883 Ceterum
1031 1840 1251 1885 admodum
1277 1840 1382 1884 nihil
1404 1840 1532 1884 refert
1559 1847 1692 1885 utrum

215 1909 323 1952 haec
352 1909 520 1950 nomina
549 1909 592 1949 in
620 1924 682 1964 μη
712 1915 752 1951 et
780 1898 867 1962 [ιο-ς
895 1922 921 1951 a
952 1911 1084 1965 prima
1109 1910 1283 1967 perfecti
1311 1911 1470 1967 passivi
1499 1916 1691 1967 repetan-

214 1982 281 2018 ‘tur
320 1987 374 2016 an
404 1986 431 2014 a
468 1973 602 2016 futuro
640 1971 748 2017 τίσω
787 1972 890 2031 τιμή
922 1975 1057 2018 Cram.
1087 1976 1136 2019 ll.
1165 1976 1261 2020 264.
1299 1975 1430 2035 ῥώσω
1466 1974 1591 2033 ῥώμη
1630 1972 1689 2027 ὥς

215 2037 370 2096 γνώσω
394 2036 541 2094 γνώμη
560 2037 656 2080 ΕΜ.
677 2039 772 2089 705,
792 2038 861 2082 42.
893 2038 1024 2096 κόψω
1055 2043 1226 2096 κομμός
1244 2042 1339 2094 526,
1357 2042 1425 2085 40.
1443 2049 1519 2086 etc.
1564 2041 1690 2086 Nam-

215 2120 294 2164 que
323 2106 501 2164 plurima
528 2111 753 2148 nascuntur
782 2118 808 2147 a
833 2105 996 2157 verbis,
1034 2120 1204 2164 quorum
1233 2114 1418 2155 neutrum
1457 2114 1614 2165 tempus
1645 2110 1688 2151 in

213 2187 293 2216 usu
321 2173 409 2222 fuit,
436 2173 649 2228 ipsumque
671 2168 769 2213 θύω
793 2170 843 2214 τὸ
871 2168 1010 2228 ὁρμῶ,
1041 2173 1148 2216 unde
1167 2171 1326 2226 θυμός,
1347 2171 1490 2225 -θύσις
1507 2180 1547 2217 et
1567 2176 1690 2217 θῢσα

218 2244 448 2288 arcessunt,
476 2237 586 2280 ultra
604 2237 884 2293 imperfectum
911 2252 995 2281 non
1013 2239 1254 2283 declinatur.
1313 2238 1431 2292 Quae
1451 2237 1690 2284 Eustathius

213 2307 279 2349 his
311 2305 453 2361 adjicit
480 2306 640 2360 βρῶμα
670 2309 710 2345 et
735 2301 926 2359 βρωτύς,
968 2306 1021 2348 ad
1062 2306 1189 2349 aliam
1228 2306 1547 2350 declinationem
1579 2307 1690 2350 refe-

213 2374 347 2418 renda
375 2379 479 2415 sunt.
540 2370 627 2414 Sed
667 2373 927 2416 inveniuntur
955 2376 1079 2417 etiam
1113 2378 1282 2419 nomina.
1308 2377 1353 2418 in
1376 2365 1468 2427 σ-οξ
1498 2377 1691 2419 exeuntia

216 2454 322 2500 quae
363 2439 632 2482 Grammatici
673 2438 809 2482 futuro
848 2439 1053 2496 subjicere
1098 2442 1254 2485 solent:
1299 2444 1432 2499 νῆσος
1474 2437 1566 2486 ἀπὸ
1608 2444 1688 2485 τοῦ

214 2510 276 2553 νῶ
314 2505 363 2550 τὸ
406 2507 611 2560 κολυμβῶ
644 2511 691 2553 ‚et
725 2505 859 2562 ῥυσὸς
895 2507 1021 2564 παρὰ
1063 2507 1137 2551 τὸν
1175 2505 1317 2565 ἓρύσω
1347 2507 1564 2562 μέλλοντα
1591 2506 1687 2550 ΕΜ.

308 2644 369 2687 20)
403 2643 644 2690 Barytonac
609 2657 627 2680 ο
630 2640 714 2691 ἶμος
726 2650 762 2680 et
776 2659 810 2681 u
796 2649 881 2693 ἴμος
894 2646 1122 2682 Grammatici
1137 2646 1316 2682 femininis
1330 2645 1531 2693 subjiciunt.
1554 2645 1686 2695 Κνῆμη

219 2706 256 2734 et
278 2698 414 2746 κνημός
438 2701 597 2736 fortasse
623 2712 647 2735 a
679 2699 777 2738 κνάω
803 2700 1002 2749 κνάμπιω,
1035 2703 1122 2738 illud
1156 2705 1304 2750 proprie
1338 2702 1586 2750 suffraginem,
1619 2703 1690 2739 hoc

217 2756 416 2793 anfractum
440 2754 655 2802 significans.
