1708 3126
193 197 258 243 28
655 190 1123 236 DISSERTATIO
1168 192 1197 236 1.

193 304 290 357 344,
321 306 359 347 l.
399 312 598 347 memorat
636 307 716 347 τοῦ
755 306 817 346 νιῦ
852 304 1155 360 παρατατικόν
1195 302 1302 348 ἔνων
1344 301 1441 362 ἕνης
1480 302 1554 362 ἕνη
1589 304 1664 348 καὶ

192 373 461 428 πλεονασμῷ
491 369 587 427 ἔννη
618 369 753 412 simile
782 368 993 413 homerico
1025 368 1180 414 ἔννεον.
1238 370 1323 414 Sed
1347 384 1421 428 pro
1451 374 1560 415 Κνεῖ
1588 368 1664 415 κό-

192 453 294 481 πτει
317 436 416 480 Hes.
447 438 580 480 series
601 439 681 493 κνῆ
704 438 852 492 poscit.
908 436 1322 491 Kze‘osscat-Herodoti
1343 437 1511 482 codices
1539 451 1662 495 prae-

190 511 311 547 stant.
370 502 457 546 Sed
500 503 608 548 κτέω
649 503 817 554 occido,
861 504 970 560 quod
1003 504 1270 548 Grammatici
1315 518 1367 548 ex
1405 503 1662 561 subjunctivo

191 571 383 626 κτέωμεν
411 570 743 626 exsculpserunt,
783 583 867 614 non
903 573 1072 627 maj0ris
1107 573 1228 629 pretii
1253 579 1317 615 est
1352 584 1474 628 quarn
1502 571 1591 628 βέω
1622 578 1663 614 et

189 638 334 696 φθέω,
365 638 511 694 quibus
534 637 679 680 eadem
699 638 806 680 ratio
836 637 990 681 subest.
1053 642 1155 682 Τεῖν
1186 638 1326 695 ζητεῖν
1345 637 1444 682 Hes.
1473 640 1663 694 congruit

188 718 280 748 cum
312 707 367 762 τῆ
405 703 518 758 (τάε)
558 704 680 746 tende
711 705 912 757 (manum)
944 710 984 747 et
1019 706 1154 763 τητᾷν
1186 704 1236 748 τὸ
1269 704 1429 761 ζητεῖν,
1466 705 1577 762 quod
1606 705 1660 748 ab

96 766 115 780 ⁹
189 772 263 815 illo
293 771 590 828 reduplicatum
629 771 767 814 dicunt
796 770 889 812 EM.
958 770 1039 814 Pro
1070 774 1184 828 Χρεῖ
1228 771 1297 814 δεῖ
1337 769 1433 814 Hes.
1477 772 1660 816 fortasse

184 838 302 895 χρέει
335 837 614 888 scribendum,
646 850 742 880 nam
769 838 1123 901 χρέωξχρεόμαι,
1155 835 1359 894 ἀποχρέω
1390 839 1660 896 scriptoribus

186 906 337 948 ionicis
369 904 603 961 doricisque
641 906 834 947 usitatum
873 911 947 947 est.
1006 904 1220 948 Postremo
1260 907 1359 962 quia
1389 906 1545 950 Aeoles
1583 919 1659 962 pro

187 970 300 1029 φησί
324 971 510 1014 dixerunt
536 971 646 1028 φατί
674 971 748 1014 sed
776 984 850 1027 pro
877 967 953 1028 ἧσί
980 967 1054 1028 ἢτί
1082 978 1123 1014 ut
1151 970 1242 1027 ἳήτι
1261 979 1302 1015 et
1328 971 1491 1029 τίθητι,
1521 972 1660 1016 Tech—

186 1040 272 1082 nici
304 1037 551 1082 concludunt
580 1036 696 1095 φημί
731 1037 939 1081 secundae
973 1039 1278 1093 conjugationis
1309 1052 1428 1090 esse,
1463 1035 1546 1098 ἦμί
1573 1041 1660 1096 pri-

186 1117 280 1147 mae
308 1118 348 1153 v.
374 1103 553 1147 Ahrens.
583 1104 693 1147 Dial.
716 1103 813 1148 Dor.
835 1104 930 1147 138.
951 1106 1019 1158 ⁴⁸)
1077 1103 1194 1148 Nunc
1225 1105 1279 1148 ad
1311 1105 1421 1149 alias
1448 1106 1658 1150 vocalium

186 1184 416 1216 sermonem
445 1172 707 1214 transferam.
763 1171 845 1214 Pro
876 1169 967 1229 ‹5er
991 1171 1177 1215 Alcaeus
1201 1170 1267 1215 Fr.
1283 1171 1539 1216 LXXXVII.
1570 1173 1657 1218 δέω

185 1239 351 1295 scripsit
383 1244 647 1294 veterumque
686 1238 814 1294 aliqui
846 1237 1014 1281 Homeri
1048 1238 1217 1282 verbum
1257 1241 1356 1292 πῶς
1391 1236 1445 1283 ἂν
1485 1237 1569 1295 ἐγώ
1605 1255 1657 1284 σε

186 1305 333 1359 δέοιμι
365 1302 442 1347 Od.
480 1303 585 1346 VIII.
625 1305 719 1347 352.
772 1311 1018 1361 acceperunt
1053 1319 1126 1362 pro
1165 1303 1318 1362 δήοιμι
1357 1306 1401 1349 id
1439 1313 1503 1350 est
1538 1304 1656 1364 εὑρί-

183 1386 348 1424 σκοιμι,
379 1370 644 1427 ἐπιζητοῖμι.
703 1371 768 1414 Ac
790 1385 913 1428 porro
944 1369 1035 1415 ἀπὸ
1065 1374 1144 1415 τοῦ
1175 1370 1266 1429 δήω
1289 1369 1579 1430 Ἀρίσταρχος
1605 1372 1655 1417 τὸ

185 1437 335 1482 δέελον
377 1437 427 1480 τὸ
469 1435 647 1494 εὖρετόν
683 1437 780 1481 Sch.
810 1437 942 1481 11.·X.
979 1438 1075 1481 466.
1108 1438 1188 1482 hoc
1232 1446 1367 1482 autem
1407 1440 1654 1496 adjectivum

182 1503 394 1547 commode
424 1503 601 1546 refertur
631 1504 682 1546 ad
709 1505 880 1562 δαῆναι,
910 1508 1025 1562 cujus
1057 1519 1082 1548 a
1108 1505 1411 1561 significatione
1437 1520 1520 1551 non
1548 1508 1654 1551 mul—

179 1577 263 1612 tum
291 1570 459 1613 aberrat
488 1571 671 1612 doricum
699 1572 843 1615 Δατέν
875 1572 1015 1626 ζητεῖν
1042 1571 1141 1614 Hes.
1200 1571 1360 1630 Quippe
1390 1581 1432 1617 ut
1451 1574 1547 1628 βάω
1575 1579 1654 1630 βα-

180 1637 283 1688 τέω,
319 1633 423 1679 πάω
453 1636 604 1680 πατέω
636 1637 894 1691 (πατέομαι)
928 1635 1023 1692 χάω
1049 1638 1212 1692 χατέω,
1239 1637 1340 1693 μάω
1365 1643 1652 1695 κατεμματέω

181 1711 220 1746 et
250 1703 338 1746 alia
368 1709 462 1745 ante
492 1703 602 1746 dicta
629 1717 666 1747 v.
699 1703 734 1758 §.
764 1706 804 1746 2.
837 1706 899 1747 sic
936 1718 1027 1755 cum
1060 1703 1152 1748 δάω
1181 1707 1270 1749 scio
1294 1709 1483 1751 consistit
1509 1708 1651 1753 δατέω

179 1771 392 1819 sciscitor,
430 1770 513 1812 nisi
542 1769 647 1812 forte
676 1770 779 1813 illud
809 1771 936 1814 δατέν
970 1785 1045 1827 pro
1076 1771 1222 1827 δητεῒν
1244 1774 1421 1828 positum
1451 1781 1530 1824 est,
1571 1775 1651 1829 hoc

179 1843 314 1880 autem
344 1849 418 1892 pro
451 1836 591 1892 ζητεῖν
617 1843 660 1878 ut
699 1837 834 1888 δᾶλος
864 1851 939 1893 pro
970 1837 1116 1895 ζῆλος,
1157 1839 1265 1894 quod
1295 1838 1523 1884 Kuesterus
1551 1836 1650 1887 hfl.

179 1903 360 1947 adhibet.
417 1901 508 1944 Iota
541 1915 631 1944 cum
663 1902 790 1958 alpha
822 1910 861 1946 et
891 1904 1024 1960 epsilo
1056 1911 1302 1948 commutant
1329 1906 1437 1963 ψάω
1473 1915 1514 1952 et
1541 1907 1649 1966 ψῖω,

178 1967 292 2020 λάω,
329 1967 409 2012 λίω
448 1975 489 2011 et
516 1969 813 2025 reduplicatum
847 1970 1000 2020 λιλέω,
1043 1971 1205 2027 epsilon
1234 1985 1324 2016 cum
1360 1973 1495 2030 ypsilo
1525 1977 1648 2034 φλέω

175 2037 226 2082 τὸ
258 2034 504 2092 ἅναόίδωμι
533 2037 606 2081 καὶ
639 2037 750 2081 κατὰ
776 2038 944 2096 τροπὴν
974 2042 1054 2083 τοῦ
1072 2030 1260 2098 ἷφλύω
1289 2040 1422 2100 Epim.
1453 2037 1647 2094 Gram.,l.

173 2104 271 2148 429.
332 2103 595 2147 Pindaricum
629 2104 819 2158 κέχλαδα
854 2106 996 2148 nititur
1032 2096 1243 2162 praesenti
1273 2109 1450 2164 quodam
1483 2109 1646 2169 χλήδω,

174 2171 284 2228 quod
328 2170 382 2213 ad
420 2168 541 2223 χλοὲω
577 2171 837 2214 referendum
876 2174 954 2215 erit
990 2180 1033 2215 ut
1073 2170 1250 2227 μάομαι
1284 2172 1497 2231 μήδομαι.
1563 2177 1645 2223 Pro

171 2235 292 2292 χλάω
314 2243 448 2280 autem
479 2237 739 2280 substitutum
757 2245 820 2281 est
846 2239 968 2292 χλίω,
999 2240 1107 2296 quod
1137 2253 1259 2296 quam
1277 2248 1389 2285 arcte
1411 2256 1501 2286 cum
1521 2245 1666 2301 φλέω·

175 2303 417 2354 cohaereat,
461 2303 601 2360 paullo
644 2311 733 2361 post
764 2306 993 2349 ostendam.
1052 2307 1192 2363 Χροέω
1223 2314 1264 2350 et
1289 2306 1399 2364 χρίω
1427 2307 1645 2367 χρώννυμι

174 2371 431 2427 quantumvis
462 2370 764 2425 significatione
785 2373 1031 2429 discrepent,
1056 2381 1194 2416 tamen
1220 2387 1342 2416 unam
1373 2376 1540 2436 stirpem
1568 2377 1645 2420 ha-

173 2438 272 2480 bere
303 2438 569 2492 cognoscitur
607 2451 658 2480 ex
692 2440 949 2495 compositis,
989 2437 1180 2499 ἐγχράω,
1219 2438 1433 2500 ἒγχραύω,
1474 2442 1643 2500 ἕγχρίω,

261 2596 322 2639 48)
359 2599 480 2641 Φθείη
515 2595 644 2645 φθάσῃ
675 2597 761 2633 Hes.
795 2599 972 2643 scriptura
1009 2599 1118 2634 modo
1143 2598 1262 2634 differt
1295 2610 1318 2633 a
1350 2598 1464 2649 φθήῃ.
1519 2600 1641 2648 Etym-

170 2652 261 2686 Gud.
286 2652 363 2688 576.
398 2651 528 2700 ψωμός
550 2652 652 2702 παρὰ
683 2653 721 2690 τὸ
745 2657 808 2700 ψῶ
842 2654 890 2695 ὠς
914 2657 959 2695 ζῶ
982 2652 1114 2701 ζωμός·
1139 2653 1177 2690 τὸ
1201 2655 1242 2690 δὲ
1274 2655 1337 2700 ψιὸ
1362 2653 1506 2704 πρώτης
1535 2659 1642 2698 συζυ-

172 2711 254 2753 γίας
278 2708 373 2752 ἐστί,
414 2712 476 2754 ψῶ
502 2715 584 2756 ψεῖς
608 2715 683 2756 ψεῖ.
733 2712 773 2748 Si
798 2712 883 2747 nihil
910 2712 1006 2747 aliud
1028 2711 1224 2758 argumenti
1255 2711 1378 2747 habuit
1407 2719 1553 2758 praeter
1577 2725 1640 2749 no-

172 2764 267 2799 mina
292 2763 439 2809 ψωμός,
466 2765 619 2812 ψεδνός,
648 2765 780 2814 ψεκάς,
807 2769 887 2814 plus
912 2768 1001 2804 dixit
1025 2780 1130 2815 quam
1155 2768 1312 2814 probare
1341 2769 1464 2815 potuit.
