1728 3120
206 191 306 236 250
647 178 1104 223 DlSSERTATlo
1148 179 1239 222 XV.

203 314 242 341 v.
274 297 327 340 ad
354 296 503 349 Phryn.
531 293 627 335 607.
647 294 714 345 ¹⁵)
763 288 1057 335 Ἔνιλλώττειν
1093 305 1192 336 vero
1231 293 1376 338 merito
1413 294 1596 351 rojioitur

204 364 332 406 Thes.
390 359 477 403 Sed
515 372 599 402 non
628 365 822 415 suspecta
857 357 994 402 habeo
1029 356 1370 413 Θαλυσσόμενος
1403 357 1663 418 φλιγόμενό

202 438 243 473 et
279 425 493 483 Θαλύψαι
528 424 712 481 θάλψαι
750 426 957 482 πυρῶσαι
986 423 1085 468 Hes.
1114 439 1154 469 v.
1182 424 1378 482 Prolegg.
1404 425 1518 474 δώῃ
1539 440 1663 484 nequ

202 508 351 550 negem
381 493 433 536 ab
473 489 646 545 ἆμαλός
682 498 722 535 et
751 488 1003 545 ἄμαλάπτω
1033 491 1127 535 duci
1159 493 1343 549 potuisse
1381 499 1422 536 et
1450 493 1564 551 quod
1591 492 1643 536 Η

202 561 370 617 sychius
389 559 562 617 praebet
591 555 829 612 ἆμαλάττω
848 560 1026 616 πορθῶ,
1054 572 1151 602 nam
1172 561 1235 603 sie
1264 561 1434 617 saepius
1459 561 1625 604 variant
1666 590 1671 598 ι

203 629 346 672 affinia
374 623 581 684 κορύπτω
612 625 828 682 κυρίσσω,
866 625 975 681 quod
1003 627 1126 670 attice
1164 626 1312 670 dieitur
1338 639 1415 684 pro
1447 625 1683 690 κερατίζω

194 694 434 738 Ἀλεώσσει
469 690 685 748 μωραίνει
722 698 762 735 et
797 689 1018 736 Φᾱλίπτει
1052 692 1266 750 μωραίνει
1297 693 1350 738 ab
1385 707 1467 737 uno
1495 693 1634 738 thema
1660 712 1683 757 a*

199 758 309 819 ἦλός
344 757 477 818 ἠλεός
512 754 694 816 ἠλίθιος
740 754 973 815 ἇλεόφρων
1015 765 1056 802 et
1093 761 1278 816 aspirata
1322 767 1484 805 auctum
1522 757 1675 804 Φαλό

202 826 353 883 μωρόν
382 825 481 869 Hes.
539 824 690 868 Verum
726 831 893 881 praeter
917 824 995 868 has
1025 825 1174 869 solitas
1211 834 1252 870 et
1280 827 1516 872 ordinarias
1547 838 1683 887 para·

201 907 358 950 gogas‚
395 906 499 949 quas
525 894 613 949 J'am
648 892 922 942 absolvimuS‚
960 893 1217 949 reperiuntur
1245 894 1450 950 quaedam
1479 894 1691 957 singulas

201 960 380 1015 singulis
418 959 559 1003 verbis
591 959 810 1002 attributae
849 958 902 1002 ab
934 953 1027 1014 ἄγω
1060 956 1236 1015 ἃγινέω,
1273 957 1388 1006 ἇτέω
1429 958 1605 1016 ἆτέμβω
1634 974 1683 1021 v,

197 1026 314 1070 Diss.
330 1025 380 1069 ll.
405 1039 440 1069 c.
457 1024 508 1067 11.
534 1026 570 1080 ς.
588 1026 627 1069 1.
659 1024 740 1069 ὀίω
772 1023 927 1079 ὀίομαι
946 1023 1105 1078 διώκω,
1134 1022 1300 1083 δ’ρομαι
1319 1025 1540 1086 decadum,
1568 1024 1637 1072 εἷ’
1674 1038 1676 1041 ·

197 1092 310 1137 ἆλίω
341 1089 577 1146 ἆλίνδομαι
606 1099 648 1135 ut
677 1090 811 1136 κυλίω
842 1089 1042 1144 κυλίνόω,
1075 1093 1151 1136 sed
1170 1093 1341 1138 verbum
1359 1095 1619 1141 alexandrin
1644 1116 1661 1134 ez
1686 1086 1688 1091 ’

128 1164 137 1170 “
199 1156 414 1215 ἆλισγέω,
452 1159 562 1215 quod
589 1157 827 1216 Lennepius
857 1158 910 1202 ab
939 1159 1086 1202 eadem
1116 1162 1264 1218 stirpe,
1293 1160 1454 1207 Coi-aes
1481 1175 1582 1206 vero
1615 1163 1687 1206 ab

200 1222 335 1269 ἇλίνω
377 1225 605 1268 derivatum
641 1231 755 1281 putat
788 1238 826 1267 v.
864 1224 980 1269 Diss.
1009 1224 1057 1268 V.
1098 1227 1134 1282 ς.
1164 1228 1204 1270 3.
1243 1241 1271 1272 a
1303 1229 1519 1273 recondito
1556 1230 1679 1273 fonte-

195 1293 379 1336 manavit
405 1292 513 1335 unde
545 1286 705 1349 δέλερος
735 1297 775 1334 et
804 1286 1006 1349 ἆλαρύνω
1034 1305 1072 1336 v.
1102 1292 1298 1350 Prolegg.
1316 1295 1416 1338 262.
1684 1296 1687 1301 ’

308 1368 542 1412 Proximum
563 1375 626 1412 est
652 1375 694 1411 ut
717 1369 887 1411 nomina
915 1368 968 1411 ab
997 1382 1243 1428 unoquoque
1270 1371 1491 1416 verborum
1513 1384 1680 1428 genere

192 1442 427 1493 propagata
454 1441 762 1479 recenseantur.
819 1434 971 1478 Verum
1002 1435 1122 1492 hujus
1161 1437 1450 1495 disputationis
1487 1452 1587 1496 pars
1617 1450 1693 1484 ea

195 1514 302 1558 quae
333 1501 386 1545 ad
416 1513 658 1558 paragogas
687 1502 880 1559 pertinet,
921 1503 965 1544 in
1002 1502 1099 1546 aliis
1131 1503 1331 1548 librorum
1368 1519 1552 1551 meorum
1582 1513 1669 1550 tra-

193 1574 306 1611 ctata
333 1574 408 1611 est.
469 1568 561 1620 Quo
581 1568 693 1612 facto
717 1573 876 1611 restant
903 1580 957 1611 ea
983 1581 1090 1625 quae
1120 1572 1260 1614 omnia
1275 1575 1508 1628 praesentis
1527 1575 1670 1617 usitati
1693 1567 1695 1571 ’

190 1635 401 1678 elementa
433 1647 512 1678 nec
539 1635 632 1692 plus
662 1636 848 1678 minusve
878 1636 1100 1679 continent.

288 1782 346 1828 15)
383 1783 441 1818 Ab
473 1783 588 1818 altera
620 1782 871 1818 terminatione
900 1780 1067 1831 γόργοψ,
1106 1795 1199 1830 quae
1231 1795 1311 1821 eum
1340 1787 1494 1832 αἰθίοψ,
1523 1783 1697 1834 κύκλωμ’

188 1839 378 1882 convenit,
406 1839 487 1874 duci
509 1839 626 1886 potuit
646 1841 857 1888 γοργοπιᾷν
881 1845 918 1875 et
940 1838 1255 1888 Ἐγοργοπίασκεν
1277 1841 1402 1883 ἀτενὲς
1425 1843 1554 1889 &plene
1575 1844 1686 1901 Hes.k

188 1895 291 1940 quod
313 1895 466 1931 verbum
490 1896 632 1943 epicum
660 1908 743 1931 esse
768 1896 928 1931 ostendit
955 1896 1178 1942 terminatio,
1211 1910 1278 1934 nec
1300 1905 1667 1948 repugnataugmen-
1696 1935 1697 1939 ,

190 1957 285 1993 tum3
321 1952 417 1996 quod
440 1963 531 1989 vero
554 1951 767 1988 Dindorfius
791 1953 827 1988 in
858 1952 966 1989 Thes.
990 1955 1135 2000 reponit
1157 1955 1508 2005 &yyopymntao'xem
1541 1958 1669 2002 versui

188 2007 372 2044 reclamat.
1488 2043 1500 2050 κ
1552 2034 1559 2054 ;
