1728 3120
209 190 309 236 302
610 178 1074 224 DISSERTATIO
1125 179 1273 224 XVIII.

210 298 262 341 ab
293 295 400 351 ὅρος
430 294 504 338 sed
533 293 678 336 eadem
708 293 888 335 fortasse
919 293 1044 349 stirpe
1069 295 1210 336 nititur
1239 287 1354 349 ἷίρω,
1383 305 1479 336 nam
1508 300 1679 352 utroque

211 370 353 406 extans
393 359 585 416 quiddam
627 365 667 402 et
703 355 846 415 ὀρθόν
875 358 1143 414 significatur.
1203 358 1335 411 Quam
1374 363 1678 416 proportionem

207 426 348 481 πάχος
379 426 432 468 ad
461 423 620 481 πήσσω
651 431 690 467 et
719 422 852 482 ῥάχος
871 422 1047 481 (ῥάκος)
1073 425 1125 468 ad
1154 423 1306 482 ῥήσσω
1336 423 1474 477 habet,
1500 428 1679 471 candem

208 493 333 540 habet
363 489 493 545 τάχος
532 505 622 534 cum
656 490 814 548 θήσσω
846 492 934 534 sive
961 489 1142 540 θάσσω,
1185 492 1300 546 cujus
1330 493 1586 550 participium
1617 501 1681 537 est

212 557 452 602 Θάσσουσα
493 555 767 607 σπεύδουσα,
802 558 1048 613 primitivum
1087 564 1222 600 autem
1261 557 1383 608 θέω,
1420 557 1528 601 unde
1565 558 1680 610 θοός

204 626 429 682 profectum
445 632 507 667 est
523 627 591 666 uni
609 624 846 666 adstrictum
864 623 1156 678 significationi
1171 631 1211 667 et
1227 625 1496 680 aequivocum
1510 622 1679 678 θοάζω.

183 686 253 734 'Et
270 689 429 748 κράτος
449 703 609 747 quoque
630 692 718 733 sive
750 690 956 733 aeolicum
974 690 1125 748 κρέτος
1156 689 1368 733 commode
1389 690 1524 746 redigi
1545 698 1680 748 potest

204 759 257 801 ad
289 757 423 814 κράω,
455 758 580 814 κρέω,
611 770 782 813 quorum
800 757 1047 813 multiplices
1073 755 1294 799 affinitates
1325 755 1410 799 alio
1439 755 1536 800 loco
1566 757 1679 801 edis-

203 826 315 868 serui
345 838 380 867 c.
408 822 456 867 V.
489 824 525 878 §.
555 824 594 866 3.
633 825 675 865 in
705 823 926 867 Adnotam.
986 820 1131 873 Σάκος
1169 828 1209 866 et
1247 819 1360 880 σαγή
1397 821 1584 880 plerique
1623 824 1679 867 ad

202 890 354 935 σάσσω
385 897 584 933 revocant
612 897 655 933 ut
685 887 817 940 νάκος
846 897 886 933 et
915 888 1024 946 νάκη
1056 889 1108 932 ad
1138 887 1300 940 νάσσω,
1331 888 1438 932 unde
1467 887 1603 933 νακτά
1633 887 1678 934 οἱ

202 958 330 1001 πῖλοι
359 955 458 999 Hes.
486 955 565 999 hoc
596 963 658 999 est
687 956 762 1012 pili
792 958 941 1005 coacti,
973 955 1170 1013 perplexi.
1228 955 1399 1011 Σμῆνος
1425 954 1530 998 nihil
1564 955 1678 999 aliud

201 1029 265 1065 est
294 1035 416 1079 quam
452 1020 586 1074 ἑσμός
625 1018 827 1078 ἀφεσμός
866 1036 1039 1065 examen
1069 1021 1122 1064 ab
1162 1019 1262 1076 ῗημι
1303 1033 1393 1064 cum
1434 1022 1676 1077 traiectione

196 1089 360 1132 vocalis
393 1095 435 1131 ut
471 1083 600 1144 ἄρνες
630 1095 670 1130 et
703 1087 828 1144 ῥῆνες
860 1096 900 1131 et
929 1085 1080 1146 Ῥὴνεα
1117 1087 1324 1143 πρόβατα
1351 1085 1453 1131 Hes.
1485 1100 1562 1144 pro
1594 1102 1674 1146 quo

200 1153 329 1212 ῥηνία
357 1155 440 1197 dici
469 1156 598 1210 potuit
626 1161 668 1196 ut
697 1153 858 1210 θηρία,
897 1154 972 1196 sed
1003 1166 1134 1197 causa
1162 1153 1343 1196 mutandi
1373 1154 1503 1197 nulla.
1559 1153 1676 1198 Σκά-

199 1235 287 1277 φος
316 1227 357 1263 et
382 1218 551 1277 σκύφος
580 1234 649 1263 res
677 1227 760 1263 tam
791 1220 948 1263 similes
972 1220 1186 1263 declarant
1213 1225 1254 1262 ut
1276 1219 1451 1263 eandem
1471 1221 1676 1276 originem

196 1286 352 1330 habere
381 1287 621 1338 videantur3
655 1293 839 1330 veterum
864 1294 1001 1330 tamen
1028 1285 1215 1330 nonnulli
1241 1285 1346 1329 illud
1375 1286 1431 1329 ad
1459 1285 1674 1331 σκάπτειν

197 1351 246 1394 τὸ
277 1353 513 1396 κοιλαίνειν
531 1353 768 1404 retulerunt,
798 1353 877 1396 hoc
907 1354 961 1396 ad
986 1350 1126 1409 κυφός
1147 1364 1309 1395 curvus.
1353 1352 1586 1410 Αστρέφω
1608 1359 1672 1396 est

199 1418 402 1474 στρέφος,
433 1419 541 1474 quod
560 1419 794 1475 Hesychius
821 1419 999 1477 explicat
1023 1418 1221 1473 στρέμμα
1242 1416 1384 1473 δέρμα
1409 1415 1553 1475 βύρσα
1571 1421 1675 1461 Δω-

196 1486 328 1540 ριεῖς,
368 1491 408 1527 et
436 1486 545 1541 quod
574 1486 683 1529 idem
711 1493 911 1530 memorat
942 1483 1442 1541 Eveomogpvosrpcom'c,
1479 1481 1673 1540 κάλυψις

197 1546 383 1604 ἀγγείων
402 1551 587 1608 δέρματι
611 1552 826 1609 γινομένη.
886 1552 925 1595 Α
943 1552 1093 1609 τρέφω
1126 1550 1283 1606 pariter
1309 1546 1481 1608 τάρφος
1499 1557 1539 1593 et
1567 1566 1673 1606 ταρ·

197 1613 304 1672 φύς,
344 1618 452 1673 quod
473 1619 561 1673 jam
595 1619 742 1661 dudum
773 1620 986 1669 convenit3
1025 1616 1098 1660 sed
1128 1615 1307 1659 fortasse
1337 1617 1462 1658 etiam
1497 1615 1672 1672 τέρχνος

197 1687 238 1723 et
265 1682 439 1739 τρέχνος
472 1683 552 1728 hoc
582 1691 645 1728 est
674 1686 875 1739 στέλεχος
905 1682 1067 1733 κλάδος
1095 1689 1137 1725 ut
1162 1681 1395 1737 Hesychius
1425 1684 1504 1733 ait,
1535 1682 1670 1725 simile

196 1747 329 1790 latino
357 1756 529 1793 truncus
555 1758 594 1794 et
617 1765 773 1808 graeco
803 1749 990 1808 τράφηξ.
1049 1748 1097 1792 Si
1125 1748 1174 1792 τὸ
1205 1748 1341 1801 ζῦθος
1368 1748 1437 1792 vel
1466 1745 1490 1792 ὁ
1523 1746 1670 1801 ζύθος,

194 1814 247 1857 τὸ
274 1817 437 1871 βρῦτος
473 1817 542 1861 vel
571 1815 595 1861 ὁ
634 1820 796 1874 βρῦτος
834 1819 876 1860 in
907 1817 1112 1859 Graeciae
1152 1815 1244 1858 solo
1277 1821 1379 1858 nata
1415 1821 1528 1867 sunt,
1566 1814 1672 1858 illud

197 1893 223 1923 a
255 1880 358 1933 ζέω,
396 1882 476 1927 hoc
503 1897 530 1926 a
556 1882 678 1941 βρύω
709 1884 937 1928 derivatum
966 1890 1049 1933 est3
1088 1895 1182 1925 nam
1217 1887 1388 1937 utroque
1428 1881 1670 1940 fermentum

194 1947 464 2002 significatur.

306 2014 341 2068 §.
372 2014 412 2057 5.
468 2014 583 2058 Haec
612 2017 738 2070 igitur
771 2015 1012 2058 verbalibus
1044 2013 1268 2057 adnumero
1300 2013 1376 2056 sed
1415 2025 1500 2056 non
1529 2014 1667 2056 omnia

193 2079 342 2122 eadem
374 2083 700 2124 asseveratione.
760 2080 877 2132 Quae
908 2094 1008 2124 vero
1036 2079 1150 2122 nullo
1179 2079 1307 2123 verbo
1337 2081 1533 2123 comitata
1558 2086 1664 2130 sunt,

191 2158 276 2188 non
303 2145 354 2188 ab
388 2160 433 2189 re
464 2147 665 2190 facturum
695 2161 758 2190 me
790 2160 941 2190 censeo
977 2148 1013 2189 si
1043 2147 1301 2202 appositione
1331 2145 1540 2188 nominum
1567 2143 1664 2187 illu-

192 2218 330 2254 strem.
388 2211 503 2255 Duas
540 2215 665 2268 igitur
691 2213 1039 2268 significationes,
1079 2224 1182 2268 quas
1213 2211 1384 2254 latinum
1419 2212 1551 2254 robur
1581 2223 1662 2254 uno

193 2278 476 2334 complectitur
501 2279 676 2331 ambitu,
713 2279 863 2323 Graeci
893 2280 999 2321 inter
1026 2277 1194 2321 totidem
1221 2290 1347 2321 voces
1378 2277 1574 2320 divisisse
1601 2278 1666 2320 vi-

191 2343 336 2387 dentur
365 2344 461 2402 δρίς
498 2342 524 2402 ἡ
557 2343 737 2399 δύναμις
767 2353 807 2389 et
844 2346 968 2400 δρῦς,
1011 2345 1117 2387 unde
1156 2341 1265 2400 δόρυ
1300 2343 1471 2399 pendet,
1513 2355 1540 2385 a
1567 2340 1664 2399 ὀρίς

189 2424 290 2454 vero
319 2409 443 2467 δρίος
472 2411 515 2453 id
546 2413 655 2467 quod
685 2410 850 2469 δρυμός
883 2418 923 2454 et
952 2408 1083 2468 δροός
1115 2407 1291 2467 ἰσχυρός
1319 2408 1417 2452 Hes.
1475 2405 1662 2464 Κύρβος,

190 2490 270 2533 quo
292 2476 574 2520 Callimachus
602 2491 701 2521 usus
728 2479 886 2529 dicitur,
917 2484 957 2520 et
984 2475 1146 2533 κύρβις,
1176 2477 1213 2518 si
1243 2475 1428 2519 tabulam
1456 2473 1662 2531 quadran-

189 2543 332 2598 gulam
372 2544 598 2599 significat,
644 2558 670 2588 a
708 2543 839 2600 κύβος
879 2545 1039 2587 ductum
1076 2548 1118 2585 ut
1157 2539 1314 2598 κύρτος
1353 2555 1379 2585 a
1408 2538 1558 2593 κύτος,
1595 2541 1662 2582 sin

189 2616 326 2652 autem
357 2611 401 2652 in
430 2623 629 2654 cacumen
658 2618 820 2655 acutum
849 2611 1109 2666 fastigatam‚
1140 2621 1166 2650 a
1197 2605 1372 2666 κορυφή
1402 2608 1533 2664 repeti
1562 2619 1660 2651 con-

187 2677 310 2719 venit.
368 2676 449 2720 Pro
479 2677 570 2722 λείν
601 2676 720 2734 ἔρια,
751 2670 798 2720 ιη’
823 2680 865 2720 in
895 2677 985 2720 cod.
1012 2674 1209 2729 Hesychii
1239 2675 1432 2731 scriptum
1462 2679 1545 2724 est,
1585 2671 1660 2715 alii

188 2741 286 2784 λίνα
317 2745 545 2798 corrigunt,
585 2744 655 2787 alii
697 2742 850 2801 λήνεα,
891 2744 1004 2799 quus
1045 2740 1215 2784 indubia
1255 2746 1318 2784 est
1348 2741 1540 2795 cognatio
1570 2752 1661 2782 cum
