1728 3120
772 561 1003 616 Pars
1051 562 1158 617 ΙΙ.

336 686 425 741 De
465 667 801 741 nominibus·
831 689 1130 744 secundae
1171 687 1596 745 declinationis,

904 815 1046 824 —-—

347 936 382 991 §.
415 937 452 979 l.
509 935 624 981 Haec
654 937 845 982 breviore
874 953 1064 984 sermone
1093 939 1294 997 explicari
1322 946 1494 998 possunt
1523 940 1622 996 quia
1651 937 1701 982 ab

234 1003 382 1046 iisdem
412 1003 647 1059 primordiis
677 1011 717 1047 et
746 1006 890 1048 eodem
915 1007 1058 1050 ordine
1087 1007 1312 1064 procedunt
1337 1007 1416 1050 hoc
1443 1019 1526 1049 uno
1556 1005 1701 1048 discri-

235 1072 343 1113 mine
377 1069 484 1126 quod
515 1069 783 1114 substantivis
807 1073 1009 1115 accedunt
1038 1074 1242 1128 adjectiva
1261 1087 1366 1130 quae
1397 1075 1593 1130 permixte
1613 1085 1701 1117 cum

234 1137 321 1180 illis
353 1135 568 1180 exhibebo.
628 1137 667 1179 A
694 1139 808 1194 puris
837 1140 981 1193 igitur:
1021 1139 1127 1190 ναὸς
1161 1137 1209 1182 ἐκ
1238 1142 1316 1182 τοῦ
1345 1141 1454 1182 ναίω
1483 1137 1580 1196 ΕΜ.
1608 1137 1706 1188 598,

233 1204 302 1247 47.
333 1216 439 1259 quac
466 1203 741 1258 etymologice
765 1205 910 1258 juncta
939 1212 1031 1247 sunt
1056 1207 1099 1247 in
1117 1204 1165 1247 H.
1184 1204 1232 1247 H.
1262 1207 1304 1247 in
1325 1205 1460 1262 Apoll.
1477 1204 1573 1248 298.
1603 1206 1706 1262 νηὸν

236 1268 422 1313 ἔνασσαν
453 1271 592 1312 aedem
621 1271 907 1324 aedificarunt,
939 1277 979 1313 et
1006 1272 1264 1315 intransitive
1294 1273 1336 1314 in
1367 1270 1520 1326 Sibyll.
1536 1269 1584 1312 V.
1607 1270 1702 1313 296.

233 1335 335 1391 νηὸν
366 1335 554 1392 ζητοῦσα
583 1333 657 1378 τὸν
695 1333 842 1379 οὐκέτι
875 1334 1142 1386 ναιετάοντα,
1174 1337 1429 1381 substantivo
1459 1351 1488 1381 a
1515 1336 1702 1393 generali

234 1401 351 1445 verbi
380 1401 697 1456 significatione,
726 1409 768 1444 ut
798 1415 941 1459 saepe,
975 1402 1170 1447 alienato.
1190 1405 1226 1457 ¹)
1274 1403 1374 1446 Cum
1405 1401 1509 1456 ναός
1537 1410 1577 1447 et
1601 1401 1705 1458 νηός

233 1468 442 1511 Arcadius
467 1481 505 1524 p.
522 1468 589 1510 36.
620 1469 778 1512 confert
809 1467 929 1519 παός
954 1475 993 1511 et
1021 1467 1150 1525 πηός,
1181 1470 1289 1526 quod
1305 1468 1447 1514 Schol.
1469 1468 1516 1513 Il.
1539 1469 1590 1512 ΙΙ.
1608 1470 1702 1512 163.

233 1541 274 1577 et
303 1534 378 1577 alii
408 1547 435 1576 a
462 1533 605 1577 dorico
635 1532 816 1586 πάσμαι
853 1534 1080 1577 derivatum
1108 1543 1250 1592 putant
1288 1537 1386 1592 quia
1421 1535 1501 1580 hoc
1539 1537 1702 1580 nomine

233 1598 278 1643 οἷ
312 1598 542 1656 ἐπίκτητοι
560 1603 779 1654 συγγενεῖς
808 1600 1072 1644 declarantur
1098 1609 1242 1645 contra
1259 1603 1407 1659 positis
1435 1605 1530 1653 τοϊς
1558 1600 1702 1660 φύσει.

233 1665 478 1722 Trisyllabo
509 1663 620 1709 ἶλάω
654 1659 1125 1722 ειάὴειθνθῐὴῶθοῑίνυηι
1158 1667 1296 1720 ἵλαος.
1338 1669 1508 1720 Κλαῖος
1536 1666 1559 1712 ὁ
1592 1671 1704 1725 θρῆ-

232 1749 307 1784 νος
333 1736 375 1775 in
405 1732 532 1775 Thes.
565 1731 734 1775 affertur
759 1746 780 1775 e
811 1731 912 1776 Lex.
933 1733 1093 1790 Mss.²)
1136 1730 1265 1785 Αὗος
1293 1730 1434 1787 ὄνομα
1466 1734 1705 1793 ῥηματικὸν

233 1799 283 1842 ἐκ
310 1801 389 1843 τοῦ
409 1795 502 1842 αἷὶω
519 1796 615 1841 ΕΜ.
643 1796 773 1863 ἴ-αυος
801 1795 827 1856 ἡ
860 1799 983 1857 κοίτη
1011 1800 1135 1859 παρὰ
1167 1801 1216 1844 τὸ
1249 1798 1361 1844 ἶαύω
1385 1800 1483 1844 Hes.
1527 1800 1700 1858 Epsilon

229 1866 356 1922 vulgo
387 1867 552 1924 quidem
582 1869 625 1909 in
654 1884 679 1910 ο
717 1870 865 1911 transit
892 1866 1057 1924 θρόος,
1092 1866 1199 1927 ῥόος
1226 1876 1303 1913 etc.
1344 1877 1384 1912 et
1413 1883 1702 1926 nonnunquam

230 1939 274 1978 in
294 1927 355 1980 ἷί
376 1936 498 1993 φλέω
526 1933 667 1992 φλόος
693 1935 852 1992 φλοιός
881 1936 1016 1979 Cram.
1037 1937 1067 1979 Ι.
1086 1937 1185 1980 429.
1216 1952 1457 1996 semperque
1484 1940 1527 1981 in
1559 1945 1702 1981 neutro

231 2003 412 2052 πλοῖον,
451 2001 526 2043 sed
563 2001 769 2055 adjectiva
797 2002 935 2052 πλέος
968 2005 1055 2045 sive
1095 2004 1251 2055 πλεῖος
1292 2013 1331 2047 et
1365 2008 1513 2062 χρεῖος
1542 2004 1594 2047 ab
1629 2004 1702 2048 ob-

230 2067 376 2110 soletis
405 2066 526 2110 πλέω
557 2066 708 2122 impleo
741 2072 782 2108 et
807 2067 921 2122 χρέω
951 2081 989 2111 v.
1019 2067 1133 2111 Diss.
1159 2068 1189 2110 l.
1220 2070 1256 2123 ξ.
1275 2071 1314 2111 3.
1347 2083 1373 2113 a
1403 2069 1506 2113 κείω
1536 2070 1701 2121 adoleo‚

229 2133 338 2190 quod
374 2132 521 2176 eodem
558 2131 654 2176 loco
694 2135 1031 2185 commemoravi,
1067 2137 1183 2177 Κεῖα
1222 2133 1494 2193 καθάρματα
1529 2135 1628 2179 Hes.
1658 2137 1700 2180 id

229 2207 293 2243 est
331 2198 562 2242 suffimenta
602 2198 808 2241 lustralia.
859 2196 944 2250 Ἰὸς
981 2199 1032 2242 τὸ
1070 2199 1200 2253 βέλος
1238 2197 1331 2245 ἀπὸ
1371 2203 1450 2245 τοῦ
1480 2200 1578 2257 ῗημι
1607 2202 1700 2256 (iio)

230 2265 372 2309 Schol.
415 2263 588 2322 Oppian.
629 2263 679 2306 ΙΙ.
709 2264 806 2308 471.
846 2263 944 2308 Scb.
988 2264 1103 2308 Scut.
1135 2266 1230 2309 128.
1295 2264 1394 2310 Σόω
1433 2265 1559 2319 σόος,
1597 2266 1700 2312 σώω

228 2334 345 2383 σῶος
381 2338 422 2375 et
460 2330 526 2374 his
565 2332 838 2387 congruentia
876 2329 977 2384 ζοός
1011 2333 1098 2375 sive
1131 2330 1242 2385 ζωός
1276 2334 1363 2388 Jam
1390 2339 1554 2377 veteres
1589 2348 1700 2378 com-

228 2405 453 2454 posuerunt
477 2411 515 2441 v.
545 2396 640 2439 EM.
674 2397 769 2448 741,
798 2397 865 2441 50.
895 2405 934 2441 et
959 2397 1074 2454 Eust.
1101 2401 1264 2449 Μοῖος,
1295 2392 1458 2453 σμοῖος
1480 2406 1519 2443 et
1547 2398 1697 2454 σμυός,

319 2534 354 2578 1)
388 2534 464 2569 Pro
497 2531 585 2573 ναός
614 2533 744 2568 dicitur
777 2530 879 2573 οἶκος
910 2531 1027 2579 Orph.
1056 2532 1142 2578 Arg.
1178 2532 1259 2567 614.
1293 2536 1434 2579 Φοίβου
1467 2532 1581 2580 δόμος
1609 2535 1697 2570 Eur.

225 2590 301 2626 lon.
325 2590 403 2626 221.
455 2589 612 2625 Veneris
632 2589 775 2625 domus
795 2590 927 2626 Juven.
953 2590 1030 2624 Sat.
1054 2587 1116 2624 111.
1142 2587 1196 2624 40.
1227 2600 1299 2624 non
1324 2594 1461 2626 contra.

313 2646 352 2691 2)
387 2647 482 2685 Ζιῦς
503 2648 620 2686 Ναῖος
647 2647 728 2682 sive
752 2643 868 2685 Νάϊος
892 2651 1006 2680 utrum
1030 2644 1076 2679 ab
1100 2643 1333 2679 inhabitando
1356 2646 1626 2692 cognominatus
1651 2648 1696 2682 sit

224 2701 480 2747 quasi'Eouoc
507 2707 543 2736 et
570 2700 773 2748 Ἑστιοῦχος
802 2712 848 2736 an
882 2713 905 2735 a
936 2700 1085 2736 fluendo
1117 2704 1155 2733 ut
1178 2699 1340 2736 Manalis
1371 2701 1450 2736 sive
1482 2701 1693 2746 {mbr-leston

223 2764 497 2793 controversum
522 2758 587 2793 fuit
610 2770 645 2794 v.
672 2758 798 2803 Steph.
825 2770 853 2792 s.
877 2754 1042 2801 Δωδώνη
1065 2761 1100 2791 et
1126 2755 1248 2791 Schol.
1274 2748 1314 2793 ΙΙ.
1340 2756 1440 2793 XVI.
1461 2757 1539 2793 233.
