1708 3126
457 176 561 221 cst.
592 175 622 220 I.
681 175 752 219 DE
784 174 983 220 VERBIS
1013 174 1188 219 PURIS.
1499 178 1564 225 27

172 375 244 412 ος
277 365 322 403 ιιι
357 355 569 414 συσσοίη,
609 355 899 415 ἐλαφοσσοῖη.
965 355 1161 400 Proxima
1199 363 1293 400 sunt
1328 352 1454 408 σιόω,
1499 359 1566 401 cui

115 425 205 482 ζω
233 426 451 477 successit,
479 423 853 505 homonymumque
883 421 1072 479 σώομαι,
1105 437 1186 482 quo
1210 423 1462 482 Apollonius
1491 438 1567 482 pro

164 502 267 550 μαι
296 506 399 538 usus
422 498 499 544 est,
532 499 574 536 ct
598 489 728 549 τριόω
751 492 801 536 τὸ
832 489 1075 549 τιτρώσκει).
1135 493 1324 547 Ζμῶσαι
1354 489 1568 545 πατάξαι,

71 519 188 626 fed
213 559 456 605 Eustathius
474 561 573 613 217,
595 560 665 604 29.
697 573 748 603 ex
763 558 890 603 Aelio
921 559 1052 610 affert,
1082 573 1157 616 pro
1187 560 1358 617 σμῆσαι
1389 561 1568 616 positum

125 635 212 674 ιιι
245 629 404 673 Ψιόσαι
437 625 623 685 θάλψαι
652 626 751 670 Hes.
782 640 857 684 pro
886 629 1061 685 ψῆσαι·
1092 641 1190 671 nam
1217 629 1314 686 ψᾷν
1349 640 1425 685 per
1451 626 1569 671 θάλ-

135 729 138 737 ,
216 695 448 754 explicatur
483 709 522 739 v.
563 695 616 739 ad
649 694 775 751 Greg.
805 693 902 738 549.
943 707 1027 738 non
1056 708 1146 752 quo
1176 695 1283 738 haec
1320 695 1374 738 sit
1400 697 1570 753 propria

118 765 198 809 'us
221 763 342 808 verbi
381 769 568 822 potestas
599 762 676 806 sed
714 763 814 819 quia
840 761 1061 806 mulcendo
1092 770 1133 806 et
1169 762 1349 807 fovendo
1381 775 1566 807 amorem

70 831 360 877 stificamur.

33 891 73 971 Ξ
191 899 229 956 ξ.
257 897 300 944 8.
355 896 530 942 Vocalis
559 895 805 954 principalis
831 902 988 953 quanta
1006 897 1060 939 sit
1083 897 1127 938 in
1156 895 1222 939 his
1251 896 1393 940 verbis
1423 899 1569 942 incon-

34 973 81 1038 Ξ

38 200 154 507 Ξ
164 293 262 336 ιιιι·
290 287 476 350 ,Ἀῤῥοίη
525 285 752 349 ἇρῥωστία
796 288 982 333 Erotian.
1021 295 1218 346 tanquam
1263 287 1316 332 ab
1358 288 1565 345 adJectivo

127 987 131 1005 2
205 979 236 1012 ιι
263 965 458 1024 exempla
483 963 554 1008 hie
582 963 799 1022 proposita
829 963 998 1015 docent,
1029 976 1108 1007 nec
1137 963 1258 1007 latuit
1284 965 1449 1021 priscos
1479 979 1570 1009 ma-

109 1035 258 1081 :titos
302 1050 363 1077 νω
401 1031 452 1078 τὸ
495 1028 623 1090 νήθω
663 1029 738 1075 καὶ
784 1029 860 1075 ἐπὶ
899 1027 1082 1089 πρώτης
1124 1030 1332 1087 συζυγίας
1377 1031 1452 1076 καὶ
1497 1031 1575 1077 ἐπὶ

121 1124 123 1128 v
183 1101 303 1160 έρας,
332 1113 507 1158 quarum
533 1097 615 1142 hac
632 1096 868 1142 Herodotus
898 1100 1035 1151 utitur,
1063 1099 1142 1142 illa
1166 1100 1293 1143 Attici
1317 1113 1355 1143 v.
1380 1099 1569 1144 Meinek.

33 1065 112 1237 Ξ
63 1167 197 1217 Horra.
234 1167 402 1226 Fragm.
432 1165 483 1210 ΙΙ.
525 1165 623 1210 556.
682 1163 746 1209 De
789 1165 923 1210 altero
959 1169 1022 1210 νιῦ
1061 1169 1203 1224 agitur
1236 1167 1373 1211 Cram
1405 1167 1436 1211 I.
1472 1169 1573 1212 291.

33 1238 42 1307 J
114 1258 130 1275 1-
179 1234 231 1280 τὸ
262 1235 352 1296 ῥὲω
389 1233 506 1292 ὅπερ
538 1233 614 1278 καὶ
642 1229 834 1291 πρώτης
871 1233 946 1277 καὶ
985 1235 1195 1293 δευτέρας
1221 1234 1315 1280 ἐστὶ
1351 1235 1574 1292 συζυγίας.

33 1302 68 1367 Ξ
72 1302 124 1353 A
159 1303 381 1362 protoclito
419 1302 651 1346 derivatum
689 1307 753 1344 est
789 1298 870 1345 νόα
909 1298 934 1360 ἦ
977 1300 1098 1360 πηγή
1128 1301 1228 1346 Hes.
1250 1305 1318 1358 ⁴⁶)
1357 1309 1397 1346 et
1433 1301 1574 1356 νότος,

34 1372 76 1439 Ξ.
115 1369 212 1425 τίς,
241 1369 390 1422 νοτία,
417 1369 471 1414 ab
497 1369 631 1414 altero
661 1366 931 1420 ναυσίποδες
965 1371 993 1412 i.
1026 1384 1064 1427 q.
1095 1370 1351 1427 vquQnodsg
1384 1370 1437 1413 ab
1461 1378 1575 1414 utra

33 1443 97 1486 1.
122 1452 163 1483 e
186 1437 307 1485 verbi
335 1437 473 1483 forma
500 1438 608 1489 ναῦς
636 1443 678 1480 et
706 1438 807 1488 νεῦς
834 1450 874 1480 v.
900 1435 1058 1481 Parall.
1093 1437 1192 1481 124.
1223 1437 1410 1482 confusis
1446 1439 1575 1481 nandi

33 1506 127 1563 3..>et
157 1505 390 1563 navigandi
425 1503 765 1557 notionibus.⁴⁷)
824 1501 939 1547 Νάω
982 1505 1145 1549 cumulo
1183 1505 1340 1549 alicubi
1375 1519 1450 1562 pro
1491 1507 1576 1550 νέω

82 1573 198 1632 νηὲω
226 1576 424 1631 scriptum
442 1585 540 1616 esse
570 1578 746 1615 testatur
759 1570 931 1616 Photius
947 1575 1132 1624 Νιῦντος
1150 1571 1439 1630 σωρεύοντος.
1491 1573 1578 1617 Ho-

59 1695 62 1699 ,
83 1642 284 1686 mel-icum
314 1643 406 1698 κνῆ,
446 1640 556 1697 quod
586 1637 683 1682 EM.
722 1638 778 1682 ad
817 1642 951 1696 κνῆμι
983 1638 1113 1682 refert
1144 1641 1266 1692 quasi
1304 1641 1504 1683 aoristum
1536 1648 1579 1684 ut

33 1710 65 1759 3
84 1709 182 1766 τλῆ,
210 1706 460 1753 Heraclides
487 1712 631 1751 narrat
657 1705 884 1750 nonnullos
911 1706 1007 1751 κνέε
1037 1707 1276 1763 scripsisse,
1307 1707 1491 1752 fortasse
1523 1709 1579 1752 ad

62 1790 67 1799 “
85 1776 324 1824 evitandum
353 1775 572 1821 continuos
602 1773 815 1831 spondeos
845 1770 1015 1829 αἴγειον
1044 1775 1124 1832 κνῆ
1151 1771 1306 1832 τυρόν,
1348 1788 1453 1831 quos
1484 1789 1580 1832 per-

84 1842 339 1907 Qscens
363 1841 598 1887 Muellerus
639 1841 690 1885 de
729 1839 846 1896 Cycl.
878 1854 917 1898 p.
950 1839 1047 1883 144.
1088 1838 1193 1885 κνάε
1231 1843 1416 1898 corrigit.
1477 1842 1580 1886 Cum

23 1965 29 1978 ,Ξ
90 1902 192 1969 ἔιὲνη
225 1909 512 1961 οιιιίιιιῦἰὴιιε
543 1909 840 1955 conferendum
871 1915 935 1952 est
969 1908 1079 1965 quod
1108 1907 1375 1953 Herodianus
1412 1911 1454 1953 in
1483 1909 1579 1954 EM.

23 1991 46 2007 Ἰ,

181 2038 245 2096 46)
273 2048 453 2099 Ambigua
474 2054 531 2086 est
565 2048 730 2095 ejusdem
753 2048 942 2084 adnotatio
965 2049 1067 2087 Νοῦς
1097 2044 1262 2092 ποταμός
1285 2052 1402 2083 utrum
1425 2047 1471 2084 de
1498 2059 1583 2094 pro-

16 2116 57 2130 -·
89 2107 172 2156 prio
200 2106 371 2154 loquatur
392 2118 439 2143 an
467 2107 515 2143 de
544 2105 783 2153 mellativo.
830 2104 928 2141 Nam
952 2110 989 2141 et
1011 2103 1146 2141 Rheni
1170 2115 1311 2140 nomen
1344 2105 1495 2151 proprie
1518 2104 1583 2140 flu-

16 2160 20 2174 ⁵
91 2163 190 2202 vlam
220 2161 401 2212 significat
435 2170 474 2200 et
505 2175 673 2211 graecum
695 2159 877 2211 ’Ἄναυρος
911 2167 1111 2198 torrentem
1145 2174 1167 2197 a
1198 2162 1317 2198 verbo
1352 2159 1457 2198 νάειν
1498 2163 1584 2198 Sch.

31 2223 44 2255 ἰ
91 2220 215 2268 Apoll.
241 2220 268 2258 Ι.
291 2221 326 2258 9.
375 2221 417 2257 In
440 2221 550 2257 Paus.
578 2219 679 2256 VIII.
704 2219 761 2264 38,
774 2217 814 2255 ²7.
846 2231 957 2255 causa
979 2220 1080 2255 nulla
1104 2225 1184 2255 erat
1207 2230 1271 2255 cur
1300 2220 1402 2259 Νοῦς
1424 2219 1461 2254 in
1483 2219 1586 2259 Ῥοῦς

91 2283 309 2322 mutaretur-3
339 2289 425 2314 nam
449 2280 520 2314 νέω
553 2284 590 2314 et
613 2279 684 2327 ρἐ
712 2277 808 2313 idem
835 2277 980 2320 valent3
1011 2278 1086 2313 νέει
1109 2274 1131 2322 ἡ
1159 2278 1225 2313 τοῦ
1255 2278 1411 2325 αἵματος
1434 2275 1586 2327 ἔπιέξροὴ

18 2330 38 2391 Ξ
92 2335 194 2372 Aret.
221 2334 305 2371 Cur.
332 2335 435 2373 Acut.
453 2334 497 2371 II.
519 2335 562 2379 6,
590 2335 668 2371 106.

27 2397 36 2430 .·
185 2392 248 2439 47)
281 2394 357 2429 Ne?
376 2394 466 2428 πλεῖ
480 2391 568 2429 Hes.
616 2390 666 2427 Et
689 2390 857 2426 vicissem
880 2393 991 2427 πλεῖν
1014 2391 1143 2427 dicitur
1168 2402 1238 2438 pro
1263 2395 1344 2428 νεῖν
1369 2397 1408 2427 ιιι
1432 2391 1587 2438 inclytus

15 2471 27 2500 .'
93 2449 158 2486 ille
186 2450 354 2487 urinator
379 2446 543 2490 Σκύλλος
576 2447 813 2488 ὑποπλεύσας
833 2445 1036 2494 πελάγεσσι
1063 2449 1173 2486 Anth.
1199 2448 1263 2484 IX.
1290 2447 1368 2486 296.
1402 2460 1474 2494 quo
1503 2449 1588 2484 loco

93 2505 285 2544 planudes
308 2504 533 2547 ὑποπλῶσας
557 2506 720 2553 scripsit3
744 2516 814 2541 nec
838 2505 956 2541 solum
979 2506 1026 2540 de
1050 2506 1292 2542 animantibus
1317 2506 1383 2541 sed
1409 2506 1515 2540 etiam
1541 2505 1588 2540 de

58 2576 59 2579 ’
94 2563 299 2600 inanimatis
327 2566 435 2605 νέκυς
465 2561 574 2604 ἄλλος
605 2562 657 2599 ἐπ’
696 2560 795 2607 ἄλλῳ
828 2558 970 2598 πλώετο
994 2562 1119 2598 Nonn.
1146 2562 1209 2598 VI.
1235 2562 1313 2598 281.
1341 2563 1447 2597 ἔπλεε
1473 2559 1589 2607 πήληξ

13 2612 51 2662 ἶ·
96 2619 272 2659 XXXIX.
307 2620 386 2659 244.
418 2632 489 2667 quo
533 2621 719 2657 intellectu
754 2619 935 2654 Homerus
970 2616 1106 2654 πλώειν
1141 2619 1236 2654 dicit.
1286 2615 1444 2654 ’Έπλεεν
1486 2617 1587 2666 ὕδωρ

35 2666 49 2680 ⁸
98 2677 264 2725 (Alphei)
287 2688 359 2725 pro
381 2687 532 2714 manare
559 2678 691 2714 dictum
716 2683 773 2712 est
796 2676 903 2712 Anth.
921 2676 983 2711 IX.
1003 2675 1082 2711 536.
1110 2681 1146 2710 et
1171 2674 1329 2712 ἁλίπλοα
1355 2679 1476 2722 τείχεα
1500 2674 1589 2712 non-

28 2746 51 2757 ²*
98 2734 187 2771 nulli
229 2734 515 2782 interpretantur
551 2733 624 2771 ὑπὸ
657 2732 846 2778 θαλάσσης
883 2731 1131 2780 ἐπιπλεόμενα
1169 2733 1205 2770 id
1241 2738 1297 2769 est
1330 2732 1507 2782 ἁλίῤῥυια
1544 2734 1586 2770 cf.

22 2794 50 2829 .’
98 2789 256 2827 Becker.
283 2791 484 2829 Comment-
507 2792 553 2828 de
580 2792 728 2828 Authol.
756 2803 789 2836 p.
810 2789 866 2825 21.
