1728 3120
226 224 329 272 232
646 216 1107 262 DISSERTATIO
1150 217 1261 262 XIV.

231 336 436 377 labiorum
471 337 588 374 motu
625 342 903 373 murmurare.
966 330 1056 387 Ego
1093 345 1194 375 vero
1229 330 1446 376 Ammonio
1466 347 1468 349 ’
1485 328 1699 377 assentior

229 401 309 443 hoc
335 398 516 440 ultimum
547 397 712 440 differre
743 411 770 440 a
797 396 1071 455 τανθαρύζω,
1097 399 1205 441 unde
1233 397 1532 458 τανθαρυστοὶ
1557 398 1689 457 ὅρμοι

232 466 330 510 dicti
360 471 452 507 sunt
493 457 552 506 ὧν
590 464 909 521 κατεκρέμαντο
943 464 1068 509 λίθοι
1103 465 1217 517 τινὲς
1245 462 1306 517 ὡς
1333 462 1425 510 ἀπὸ
1457 467 1536 522 τῆς
1576 463 1690 521 κινή-

231 548 344 584 σεως
375 527 639 585 ὠνομάσθαι
667 530 772 574 Poll.
796 544 834 574 v.
864 529 1047 575 Meinek.
1081 531 1193 576 Com.
1221 530 1271 574 ΙΙ.
1300 532 1398 576 822.
1453 530 1558 576 Huic
1585 534 1691 576 enim

232 605 412 655 cognata
446 598 583 641 habeo
625 596 964 651 τανταλῖζεσθαι
1009 607 1048 643 et
1089 596 1366 643 τανταλεύειν
1408 600 1496 643 sive
1538 600 1692 642 ταλαν-

231 664 391 715 τεύειν,
431 665 577 722 quibus
613 678 750 708 rerum
777 664 1036 722 pendentium
1064 673 1197 710 motus
1231 666 1508 711 oscillationis
1546 666 1693 710 similis

230 734 446 784 indicatur,
476 732 582 776 haec
609 738 742 775 autem
774 745 865 775 cum
893 730 1084 777 ταλάσαι
1109 733 1272 784 tollere,
1301 733 1566 791 suspendere,
1596 746 1693 777 con-

231 808 341 845 texta
369 807 473 844 sunt.
530 799 646 843 Haec
682 800 719 842 si
754 800 813 841 ita
852 811 897 842 se
926 799 1098 851 habent,
1140 801 1256 844 vocis
1288 800 1592 844 fundamentum
1630 806 1693 844 est

231 861 336 924 τὀἶ,
365 873 431 915 oui
461 871 640 914 accessit
666 869 938 926 reduplicatio
968 868 1205 923 τανταλῖζω
1236 877 1276 914 et
1305 868 1583 926 τανθαρίζω,
1620 870 1695 913 sed

231 935 485 994 τονθορύζω
510 939 645 995 potius
663 949 715 979 ex
743 933 883 993 τρύζω
912 943 1062 979 natum.
1122 935 1238 988 Quae
1267 943 1436 988 restant,
1462 936 1570 981 haec
1591 943 1694 980 sunt.

231 1002 517 1061 Πομφολύζω
557 1006 645 1047 sive
686 1001 1017 1060 πομφολύσσω,
1059 1004 1168 1060 quod
1194 1003 1289 1047 EM.
1319 1003 1415 1056 682,
1445 1003 1513 1047 14.
1554 1017 1581 1047 a
1608 1021 1697 1048 πα-

232 1068 387 1129 φλάζω
415 1073 572 1128 repetit,
603 1069 792 1127 equidem
820 1083 846 1113 a
876 1068 1060 1128 πόμφος
1084 1071 1245 1114 ductum
1273 1071 1452 1115 arbitror
1473 1084 1548 1128 per
1574 1084 1697 1128 epen-

230 1137 380 1182 thesin.
420 1137 716 1196 Παμφαλύζει
733 1136 883 1192 τρέμει
898 1136 995 1180 Hes.
1015 1151 1097 1181 non
1117 1139 1280 1195 proprie
1297 1145 1472 1182 tremere
1492 1138 1697 1194 significat

233 1205 309 1249 sed
337 1218 389 1248 ex
419 1204 622 1260 adjuncto,
653 1205 750 1260 quia
776 1204 1042 1247 trementibus
1071 1204 1194 1247 labra
1214 1207 1542 1257 contremiscunt,
1573 1219 1697 1249 sono-

232 1286 311 1329 que
340 1272 461 1316 modo
481 1272 713 1315 distinctum
741 1277 804 1313 est
833 1283 859 1312 a
883 1269 1153 1325 βαμβάλλειν
1181 1278 1221 1314 et
1237 1270 1506 1327 βαμβαίνειν.
1562 1272 1603 1315 Α
1622 1284 1698 1315 no-

231 1342 341 1383 mine
370 1341 571 1396 originem
600 1338 725 1382 hahet
752 1335 1044 1395 Μορμορύζει
1072 1337 1256 1395 ἐκφοβεῖ
1281 1337 1408 1397 παρὰ
1436 1337 1513 1397 τὴν
1539 1337 1696 1397 μορμώ
1727 1394 1728 1397 ¹

232 1406 347 1451 Phot.
381 1407 448 1451 vel
488 1409 612 1450 etiam
642 1418 668 1448 a
694 1402 878 1461 μόρμος.
936 1403 1137 1448 Similiter
1163 1404 1406 1462 βόρβορος,
1444 1408 1699 1450 romanicum

231 1471 423 1532 βούρκα,
467 1476 509 1517 la
542 1474 694 1516 bourbe
719 1485 758 1515 v.
789 1469 982 1527 Prolegg.
1012 1472 1108 1515 271.
1141 1470 1242 1515 abiit
1271 1472 1315 1515 in
1341 1471 1510 1516 verbum
1537 1477 1700 1530 βορβο-

233 1539 370 1597 ρύζω,
414 1541 523 1597 quod
561 1540 796 1596 frequenter
832 1538 1078 1596 βορβορίζω
1117 1539 1311 1582 scribitur
1351 1546 1394 1583 ut
1428 1539 1697 1596 μασταρίζω,

232 1606 497 1666 τονθορίζω,
538 1606 647 1664 quod
674 1604 906 1660 Hesychius
947 1611 1161 1648 attestatur
1192 1603 1464 1664 Τονθορύζει
1501 1606 1699 1663 γογγύζει

232 1673 468 1733 ψιθυρίζει
499 1673 572 1718 καὶ
591 1671 842 1729 τονθορίζει
866 1669 921 1714 τὰ
941 1667 1064 1722 αὐτά,
1094 1674 1177 1715 nisi
1199 1672 1304 1717 forte
1332 1687 1407 1730 pro
1432 1673 1512 1718 hoc
1535 1675 1701 1731 scripsit

232 1739 486 1797 ‘covffoog‘scf
532 1739 614 1784 Pro
639 1737 984 1795 Κιλλαμαρίζειν
1013 1737 1330 1783 κατιλλώπτειν
1347 1740 1560 1785 Albertius
1587 1747 1702 1784 recte

234 1806 571 1866 κιλλαμαρύζειν
578 1808 752 1863 reponit.
779 1804 902 1849 Errat
915 1819 1014 1849 vero
1027 1805 1306 1850 Schneiderus
1320 1820 1394 1864 pro
1406 1803 1700 1864 ἆνακογχίζειν

234 1874 444 1918 effundere
465 1874 573 1933 apud
585 1873 873 1918 Dioscoridem
889 1868 1192 1928 ἅνακογχύζειν
1208 1876 1435 1931 corrigens,
1465 1887 1561 1918 nam
1579 1888 1605 1918 a
1623 1889 1701 1919 no-

235 1941 412 1984 minibus
443 1943 560 1985 nulla
587 1941 820 1997 hujusmodi
850 1939 980 1983 verba
1008 1940 1206 1983 ducuntur
1223 1942 1306 1984 nisi
1331 1945 1700 2000 onomatopoetioa.

237 2006 426 2050 Ceterum
455 2008 534 2052 hoc
562 2021 693 2063 genus
722 2006 843 2049 modo
861 2019 934 2062 per
960 2007 1095 2061 sigma
1114 2007 1345 2050 declinatur
1369 2015 1411 2051 ut
1429 2005 1700 2066 τονθορύσαι

235 2074 445 2132 Aristoph.
475 2071 748 2131 τονθρυστής
776 2074 819 2115 in
839 2070 975 2115 LXX.
1007 2070 1239 2123 κοκκύσαι,
1275 2074 1538 2127 ποππύσαι,
1577 2076 1698 2119 modo

236 2158 311 2202 per
322 2134 382 2196 ἶ,
420 2142 593 2198 βαΰξαι,
624 2141 743 2194 ἱΰξαι
775 2156 813 2184 v.
843 2140 999 2184 Parall.
1028 2140 1124 2184 407.
1181 2140 1230 2185 In
1263 2139 1359 2196 ώζω
1380 2142 1571 2189 finiuntur
1599 2139 1698 2196 ὦζω

235 2218 275 2254 et
304 2207 480 2265 οἰμώζω
511 2210 562 2253 ab
593 2210 874 2265 interjectione
902 2208 1089 2265 profecta
1115 2222 1153 2252 v.
1181 2209 1376 2265 Apollon.
1404 2210 1454 2253 de
1473 2209 1579 2254 Adv.v
1601 2209 1697 2253 538.

238 2276 395 2331 σαώζω
426 2279 454 2320 i.
485 2291 522 2333 q.
553 2275 692 2330 σώζω,
722 2276 831 2333 quod
858 2274 1090 2331 Hesychius
1116 2275 1302 2333 praebet,
1336 2283 1376 2320 et
1395 2275 1700 2336 καπρώζομαι,

237 2347 351 2401 cujus
382 2345 519 2388 thema
546 2351 790 2401 prototypon
815 2343 945 2386 fuisse
976 2346 1152 2402 καπρᾷν
1168 2342 1372 2387 Eustathii
1403 2346 1606 2387 sententia
1624 2344 1701 2388 fuit

236 2413 359 2464 1872,
388 2414 428 2455 2.
468 2412 542 2455 sed
582 2420 645 2454 est
683 2412 818 2468 potius
857 2423 1116 2467 paronymon
1150 2417 1193 2453 ut
1228 2408 1468 2468 πατρώζω,
1511 2413 1577 2455 cui
1620 2411 1699 2454 ali-

236 2483 397 2538 quoties
429 2482 516 2523 iota
546 2479 817 2535 subscriptum
848 2478 1001 2533 legitur
1032 2478 1152 2534 quasi
1181 2490 1207 2520 a
1240 2481 1446 2536 πατρῷος
1474 2478 1699 2522 derivatum

238 2550 303 2591 sit.
360 2547 545 2590 Eandem
573 2546 864 2604 diphthongum
885 2544 1215 2588 Hemsterhusius
1245 2545 1300 2588 ad
1318 2543 1465 2589 Thom.
1481 2545 1578 2588 362.
1605 2547 1698 2602 Jure

235 2614 416 2658 vindicat
445 2615 670 2670 composito
700 2610 871 2665 ἐπώζω.

350 2741 386 2794 §.
415 2741 454 2782 6.
515 2738 632 2791 Quae
671 2741 714 2781 in
743 2729 851 2782 ’ἇ-θῖυ
891 2746 930 2782 et
962 2727 1065 2782 {53
1103 2743 1270 2788 exeunt,
1315 2739 1454 2781 omnia
1492 2751 1519 2781 a
1559 2737 1698 2782 verbis

239 2812 369 2850 ortum
396 2806 549 2850 hahent
585 2806 652 2850 vel
690 2806 904 2860 barytonis
945 2813 984 2849 ut
1022 2801 1187 2856 κιάθω,
1225 2803 1291 2848 vel
1329 2806 1626 2861 perispomenis
1655 2812 1696 2849 ut
