1728 3120
158 1217 166 1223 ‘
237 1219 434 1270 sequente
464 1223 663 1254 consona
681 1215 745 1261 ⁴⁶)
790 1208 920 1260 Quum
949 1217 1084 1253 autem
1112 1213 1280 1254 nomina
1308 1211 1386 1255 illa
1413 1211 1563 1255 exilius
1581 1224 1707 1254 sona·-

233 173 330 220 316
650 161 1114 206 DISSERTATIO
1160 162 1276 206 XIX.

231 294 327 326 esse
355 282 543 336 putarent
572 288 645 318 cur
674 269 830 326 οὖδας,
861 276 1000 325 κῶας,
1028 274 1201 331 βρέτας,
1222 277 1288 327 ⁴³)
1326 274 1462 330 σέβας
1490 274 1565 328 (τὰ
1593 276 1700 333 σέβη

230 345 382 390 Aesch.
414 341 555 399 Suppl.
585 340 702 392 758.)
734 340 889 396 κτέρας
923 347 964 383 et
990 343 1033 383 in
1059 340 1201 384 Ionum
1231 353 1421 386 sermone
1450 337 1599 409 κέρας,
1631 342 1702 397 γέ-

232 428 325 470 ρας,
356 412 398 454 in
422 408 587 463 vulgari
616 410 754 465 γῆρας
783 408 845 450 sic
875 407 1131 451 declinentur
1158 409 1278 464 quasi
1307 402 1600 453 nominativum
1625 408 1702 452 ha-

231 483 357 525 beant
384 481 427 523 in
458 493 507 528 ος
536 483 763 520 exeuntem.
824 475 905 527 Qu1
919 490 1019 520 vero
1050 493 1100 527 ος
1125 490 1176 519 ex
1205 492 1258 527 ας
1281 483 1416 520 ortum
1429 472 1702 528 erediderunt,

232 550 413 592 fortasse
442 545 523 588 hac
551 545 646 600 ipsa
685 541 963 598 exemplorum
991 544 1198 600 paucitate
1235 549 1276 587 et
1305 543 1597 588 declinationis
1626 546 1703 587 im-

231 614 440 673 parilitate
467 618 506 654 et
535 609 825 653 nonnullorum
855 609 1007 652 aclisia
1026 612 1091 661 ⁴⁴)
1122 612 1163 652 in
1186 609 1294 654 hanc
1324 611 1567 654 sententiam
1594 611 1703 654 ducti

234 688 329 725 sunt
355 680 435 723 hoc
453 690 585 734 genus
614 677 822 719 nominum
847 677 890 718 in
908 677 1010 733 ipsis
1042 678 1247 720 sermonis
1277 679 1421 733 graeci
1440 673 1704 721 incunabulis

233 754 372 791 natum
405 745 480 789 sed
517 744 585 787 vel
617 749 785 800 propter
814 744 1128 786 concursionem
1162 743 1482 792 masculinorum
1518 751 1560 788 et
1587 744 1706 787 l'emi-

232 817 423 858 ninorum
452 811 636 868 eJ'usdem
660 810 962 853 terminationis
991 809 1059 852 vel
1089 810 1176 853 alia
1193 823 1436 868 quacunque
1464 823 1595 856 causa
1621 823 1707 854 nou

237 881 455 925 admodum
492 878 693 922 excultum
737 889 846 920 esse.
911 875 1052 919 Prima
1091 876 1210 932 hujus
1248 877 1437 922 fabricae
1475 877 1707 921 rudimenta

237 955 276 991 et
306 948 427 1004 quasi
464 945 746 1002 proplasmata
776 942 874 986 mihi
905 956 1075 987 cernere
1108 944 1253 988 videor
1284 946 1328 987 in
1367 945 1591 1022 apotroctis
1617 943 1706 986 illis

234 1013 359 1063 λίπα,
390 1008 569 1069 αλειφα,
598 1010 705 1068 ύφα
723 1011 791 1063 ⁴⁵)
821 1010 967 1054 σκέπα
995 1012 1036 1053 in
1057 1009 1231 1055 Hesiodi
1259 1024 1398 1064 versu,
1425 1012 1508 1055 nisi
1535 1009 1616 1055 boc
1644 1017 1709 1054 est

233 1079 409 1138 pluralis
437 1079 596 1120 numeri
624 1090 699 1134 pro
728 1076 903 1120 σκέπαα
933 1077 1101 1132 syllaba
1128 1078 1243 1121 finali
1270 1091 1345 1135 per
1369 1073 1582 1136 apocopen
1610 1076 1708 1121 sub-

234 1149 324 1191 lata
350 1152 394 1189 ut
425 1145 532 1202 γέρα
562 1144 670 1201 apud
703 1142 923 1186 Homerum
951 1151 1071 1200 atque
1102 1145 1188 1188 alia
1222 1158 1392 1201 quorum
1426 1145 1707 1203 alphabreve

234 1287 348 1331 rent,
390 1277 593 1322 increbuit
630 1275 832 1319 catalexis
873 1289 925 1319 ex
963 1276 1123 1320 duabus
1159 1277 1292 1321 literis
1326 1280 1445 1322 varie
1483 1285 1526 1342 ut
1559 1280 1706 1334 cuique¹

236 1350 357 1394 libuit
398 1347 626 1404 composita
663 1361 716 1395 ας
743 1344 811 1388 vel
843 1361 899 1401 αρ
928 1345 996 1388 vel
1027 1361 1075 1396 ος
1102 1346 1171 1390 vel
1201 1363 1274 1404 ορ,
1315 1345 1550 1404 quanquam
1587 1346 1706 1403 huJus

237 1417 406 1473 generis
434 1426 556 1457 unum
584 1419 739 1455 tantum
769 1413 956 1455 novimus
984 1419 1024 1456 et
1053 1413 1096 1456 id
1121 1420 1342 1469 anetymon
1369 1407 1492 1472 ἦτορ,
1509 1418 1578 1468 ⁴⁷)
1610 1427 1728 1466 nain¹

331 1551 392 1597 43)
424 1550 611 1587 Nicander
634 1549 774 1596 Fragm.
799 1548 844 1583 11.
867 1547 923 1584 68.
956 1560 1029 1584 non
1054 1548 1244 1597 βρετάεσσι
1267 1550 1456 1597 scripsisse
1476 1550 1621 1587 videtur
1643 1551 1710 1586 sed

238 1611 424 1660 βρεῑέεσσι
448 1613 488 1642 ut
514 1605 670 1652 Oppian.
693 1605 775 1640 Hal.
803 1604 848 1639 ll.
872 1604 950 1641 437.

336 1666 397 1710 44)
432 1664 694 1700 Grammaticus
721 1663 840 1698 Cram.
865 1661 892 1697 1.
920 1661 995 1697 116.
1032 1662 1148 1708 δέμας
1171 1667 1368 1710 propterea
1397 1662 1483 1699 dicit
1506 1675 1581 1701 non
1603 1664 1712 1700 decli-

241 1726 319 1761 nari
352 1725 437 1770 quia
471 1723 609 1757 nullum
642 1721 740 1756 aliud
772 1721 917 1768 generis
949 1721 1110 1756 neutrius
1142 1732 1275 1757 nomen
1297 1721 1334 1757 in
1363 1735 1438 1768 μας
1469 1728 1588 1758 exeat.
1636 1723 1713 1758 Sed

240 1783 312 1818 hoc
335 1780 515 1816 refellitur
539 1778 619 1814 aliis
646 1777 821 1823 exemplis
845 1779 919 1813 τῶν
939 1774 1127 1825 μονήρων,
1151 1789 1244 1823 quae
1268 1790 1291 1813 a
1314 1778 1531 1826 declinando
1554 1790 1627 1814 non
1651 1779 1712 1814 ab—

239 1841 393 1876 horrent
410 1844 448 1874 ut
467 1839 587 1886 κρέας,
611 1842 761 1883 praeter
785 1837 883 1881 quod
903 1837 1040 1872 nullum
1063 1837 1099 1872 in
1122 1850 1184 1877 εας
1209 1836 1284 1872 exit
1301 1836 1439 1872 Herod.
1457 1847 1493 1883 p.
1505 1835 1560 1873 30
1593 1839 1714 1886 Δέρας

243 1904 279 1932 et
302 1899 413 1945 γέρας
443 1894 542 1941 apud
563 1893 762 1938 scriptores
786 1893 915 1929 atticos
942 1905 1029 1929 casu
1063 1893 1222 1929 secundo
1247 1899 1284 1928 et
1310 1893 1420 1929 tertio
1441 1903 1569 1929 carere
1592 1894 1714 1930 obser-

241 1954 345 1990 vavit
369 1950 562 1995 Elmslejus
587 1949 633 1983 ad
657 1949 758 1985 Med.
785 1961 822 1986 v.
846 1950 879 1985 5.

333 2008 394 2052 45)
418 2006 524 2053 ‘'cha
557 2004 628 2040 ἀπὸ
664 2007 729 2040 τοῦ
758 2003 917 2051 ὕφασμα
948 2006 1024 2041 ἐστὶ
1059 2005 1150 2041 κατὰ
1181 2004 1384 2051 ἀποκοπήν.
1431 2004 1567 2043 'lodov
1595 2004 1637 2039 δὲ
1661 2003 1714 2040 ὅτι

243 2067 349 2102 τοῦτο
376 2065 416 2099 ἐκ
438 2063 607 2110 περιττοῦ
639 2063 870 2107 σημειοῦται·
906 2060 948 2096 οὗ
980 2058 1052 2109 γάρ
1077 2062 1175 2096 ἔστιν
1198 2062 1238 2097 ἐν
1253 2059 1384 2108 χρήσει
1407 2060 1589 2097 Choerob.
1615 2060 1712 2097 Dici.

245 2121 324 2156 366.
372 2119 458 2155 Non
482 2117 663 2163 reperitur
688 2117 833 2161 quidem
861 2116 970 2152 hodie
995 2117 1061 2152 sed
1083 2117 1151 2153 ιιἱεί
1165 2117 1396 2153 Grammatici
1418 2117 1602 2164 legissent,
1628 2129 1714 2152 eno-

243 2184 353 2213 tatum
376 2187 450 2211 non
478 2179 586 2209 esset.
635 2172 675 2207 In
695 2171 765 2208 od.
787 2172 850 2208 lv.
867 2172 923 2208 66.
950 2175 1047 2208 νῶτα
1071 2171 1256 2219 βοὸς-τό
1280 2176 1327 2223 ῥα
1343 2175 1387 2209 ‘ot
1408 2175 1500 2220 γέρα
1520 2171 1717 2222 πάρθεσαν

245 2234 342 2280 αὐτῷ
373 2232 493 2278 aptior
525 2234 622 2264 certe
657 2234 713 2263 est
736 2229 949 2274 singularis,
981 2230 1047 2265 sed
1079 2230 1116 2264 in
1149 2232 1297 2266 numero
1323 2234 1595 2276 apotroctorum
1624 2232 1717 2278 γέρα

242 2302 315 2326 non
339 2289 508 2324 refertur.

338 2345 397 2390 46)
432 2344 498 2378 Illa
523 2353 713 2388 apocopae
738 2342 830 2376 ratio
862 2341 973 2376 multo
999 2342 1204 2387 expeditior
1230 2348 1286 2377 est
1316 2353 1422 2388 quam
1445 2354 1536 2388 quae
1565 2344 1717 2389 antiquis

244 2403 380 2451 placuit
405 2402 522 2436 σκέπα
537 2397 764 2445 (μαιόμενοι)
783 2403 843 2432 aut
867 2398 1122 2443 metaplastum
1146 2409 1226 2433 esse
1251 2409 1317 2444 pro
1334 2401 1472 2445 σκέπην
1496 2406 1557 2436 aut
1579 2401 1718 2447 integra

247 2459 390 2506 syllaba
420 2457 639 2491 imminutum
672 2467 738 2501 pro
773 2456 981 2500 σκέπασμα.
1029 2453 1124 2489 Num
1159 2454 1255 2489 forte
1275 2455 1354 2490 'huc
1391 2455 1533 2491 deducti
1565 2462 1647 2492 sunt
1673 2469 1717 2492 eo

247 2515 346 2562 quod
374 2516 510 2552 σκέπας
535 2511 790 2547 indeclinabile
816 2522 900 2546 esse
929 2510 1122 2556 putarent?
1168 2511 1300 2546 Aratus
1327 2512 1635 2559 quidem'scripsit
1656 2515 1719 2549 τοῦ

247 2575 455 2610 σκέπαοςν.
473 2568 572 2603 1125.
621 2567 845 2614 Porphyrius
871 2569 1025 2603 σκέπασι
1041 2569 1155 2606 λινοῖς
1170 2567 1435 2604 Abst.1V.336.
1473 2569 1552 2604 Sed
1574 2569 1611 2604 hi
1634 2569 1719 2605 nihil

249 2629 295 2663 ad
318 2626 528 2663 Hesiodum.

342 2683 403 2727 47)
436 2679 648 2717 Herodiano
675 2680 744 2715 hoc
767 2652 1017 2715 indeclinabile
1046 2680 1178 2715 dicenti
1202 2678 1312 2716 fldem
1347 2651 1500 2729 derogat
1527 2681 1722 2718 Schneide-

255 2741 370 2777 winus
396 2738 521 2776 Beitr.
547 2748 616 2774 zur
634 2736 738 2774 Krit.
759 2737 830 2773 der
845 2734 938 2781 Isgsr.
959 2736 1034 2772 125.
1059 2736 1124 2773 sed
1148 2737 1184 2773 in
1210 2737 1388 2783 ejusmodi
1413 2749 1524 2775 causa
1546 2738 1608 2774 ille
1632 2749 1723 2775 sum-
