1728 3120
231 200 331 246 318
660 193 1125 238 DISSERTATIO
1169 194 1288 240 XXI.

228 307 484 366 Hypsipylen
508 302 651 362 Ὑψιό.
711 305 829 358 Quae
869 319 990 363 quum
1030 309 1325 352 contractionis
1362 311 1542 367 speeiem
1579 323 1701 368 prae-

229 377 395 425 berent,
434 373 486 415 ab
524 374 578 415 iis
619 373 687 429 qui
725 372 1022 417 vocabulorum
1056 387 1215 430 genera
1253 375 1480 420 secundum
1503 379 1700 420 termina-

230 444 364 485 tiones
395 438 633 483 describere
669 440 971 491 anniterentur‚
1010 442 1233 484 imminutis
1272 441 1436 498 adJecta
1462 450 1555 486 sunt
1593 445 1700 487 sicut

227 507 461 552 masculina
490 502 707 562 Ἀρτεμᾶς
736 519 810 562 pro
833 503 1179 564 Ἀρτεμίδωρος,
1210 503 1444 566 Ἐπαφρᾶς
1471 521 1546 567 pro
1565 506 1701 554 Ἐπα-

229 573 444 633 φρόδιτος
472 586 510 616 v.
535 571 729 629 Prolegg.
759 587 799 629 p.
821 573 918 615 505.
975 572 1128 616 Verum
1154 574 1263 616 enim
1289 587 1390 618 vero
1420 575 1457 618 si
1487 573 1700 632 disyllaba

227 642 305 685 illa
333 653 385 683 ex
411 638 714 695 significatIone
743 641 1022 690 aestimantur,
1052 653 1135 683 non
1152 653 1206 683 ex
1233 642 1471 699 compositis
1488 649 1699 687 contracta

227 708 302 751 sed
332 706 570 762 singulatim
612 719 638 749 a
670 708 884 763 primitivis
921 707 1096 750 deducta
1135 714 1228 750 sunt
1255 704 1410 765 Ἀφρώ
1449 707 1502 752 ab
1538 705 1698 767 ἀφρός,

218 772 349 830 Ὑψώ
391 773 443 816 ab
482 771 602 830 ὕψος
630 780 672 816 ut
704 770 836 830 Κητώ
873 786 899 816 a
937 775 1067 830 κῆτος
1097 771 1238 816 Schol.
1271 772 1439 818 Hesiod.
1470 772 1573 832 opp.
1601 775 1696 818 238.

225 838 345 885 Εἰδώ
378 842 439 884 sic
466 846 508 882 ut
526 837 744 895 Εἷόομένη
776 839 829 883 ab
862 838 1040 894 εἷ’δομαι
1067 839 1135 884 vel
1165 835 1296 891 εἶδος.
1355 839 1558 885 Similiter
1588 843 1698 899 quod

224 907 456 963 Hesychius
485 906 609 949 tradit
629 905 787 963 Ταυρώ
821 903 846 964 ἧ
880 906 924 950 ἐν
947 905 1141 964 Ταύροις
1158 902 1370 964 ’Ἀρτεμις
1397 921 1481 951 non
1511 921 1563 952 ex
1581 911 1698 952 Tem--

224 972 421 1032 ροπόλος
448 973 517 1016 vel
549 971 780 1030 Ταυριώνη
810 980 996 1017 coactum
1028 974 1104 1017 sed
1133 973 1348 1030 gentilicio
1382 976 1550 1034 Ταῦροι
1581 975 1697 1019 affic-

222 1049 305 1084 tum
336 1041 523 1084 dicimus.
581 1038 668 1082 Nec
697 1035 865 1097 Εὖφρώ
900 1053 951 1083 ex
981 1037 1192 1097 Εὗφρόνη
1223 1039 1292 1083 vel
1320 1036 1597 1099 Εὗφροσῦνη,
1629 1049 1698 1089 aut

221 1103 351 1159 Δεξώ
379 1120 402 1150 e
431 1106 631 1158 Δεξιθέας
672 1113 904 1162 corruptum
943 1106 1016 1149 sed
1054 1106 1131 1149 illa
1161 1108 1282 1162 quasi
1310 1107 1509 1150 feminina
1543 1110 1694 1166 positio

221 1180 286 1217 est
306 1174 590 1228 andronymici
607 1167 810 1230 Εὔφρων,
838 1172 918 1216 hoc
950 1185 975 1215 a
1000 1172 1116 1224 ὁέξις
1144 1172 1211 1216 vel
1242 1172 1426 1226 δέξομαι
1443 1173 1694 1228 traductum

214 1237 429 1297 Ἔπαφρώ
459 1238 512 1282 ad
528 1235 831 1295 Ἐπαφροόίτη
861 1239 1035 1282 eandem
1052 1239 1298 1282 relationem
1322 1238 1449 1283 habet
1475 1247 1519 1284 ut
1538 1237 1695 1300 ,Ἀφρώ

222 1307 276 1350 ad
299 1303 556 1363 Ἀφροδίτη.
616 1304 736 1357 Quod
755 1312 889 1348 autem
917 1305 990 1348 ille
1016 1301 1182 1362 Ἐρατώ
1204 1305 1256 1348 ab
1288 1303 1446 1362 ἐρατός
1465 1307 1691 1352 derivatum

221 1386 317 1418 esse
354 1373 548 1423 affirmat,
589 1385 673 1415 non
702 1373 937 1429 impugnem
967 1371 1176 1428 equidem,
1211 1385 1290 1416 nec
1319 1373 1356 1415 si
1385 1374 1478 1430 quis
1513 1372 1691 1432 Φιλητώ

221 1455 248 1485 a
276 1439 462 1499 φιλητός
493 1445 622 1482 ortum
659 1438 793 1490 dicat3
833 1439 907 1481 sed
943 1445 1053 1482 certe
1093 1439 1290 1496 propiora
1318 1445 1412 1482 sunt
1433 1435 1625 1496 Ἐρατών
1653 1446 1694 1484 et

224 1504 422 1564 Φιλήτας
442 1505 698 1556 masculina3
728 1503 868 1548 Δωτώ
902 1513 1038 1549 autem
1066 1505 1330 1549 manifestum
1358 1511 1422 1549 est
1449 1518 1534 1550 non
1561 1519 1589 1549 a
1616 1507 1692 1551 δο-

218 1574 294 1625 τός
323 1575 502 1616 existere
531 1573 717 1629 potuisse
748 1571 824 1614 sed
854 1584 880 1615 a
909 1574 1064 1623 Δῶτος
1091 1572 1160 1617 vel
1181 1570 1352 1630 Δώτης.

329 1651 365 1706 §-
394 1651 435 1694 2.
490 1648 585 1694 Jam
615 1650 653 1693 si
693 1650 897 1706 originem
939 1649 1084 1694 horum
1114 1651 1403 1695 femininorum
1443 1652 1691 1708 quaerimus,

214 1723 326 1775 patet
362 1723 431 1760 aut
460 1729 487 1759 a
514 1716 654 1760 verbis
691 1717 815 1760 ducta
848 1730 944 1760 esse
973 1723 1015 1759 ut
1048 1715 1196 1772 μελλώ
1235 1724 1304 1760 aut
1333 1730 1359 1760 a
1386 1717 1621 1762 nominibus
1646 1725 1690 1762 ut

217 1781 373 1842 κερδώ.
423 1781 623 1826 Verbalia
660 1790 796 1826 autem
823 1783 891 1827 vel
931 1797 956 1827 a
984 1783 1272 1841 praesentibus
1310 1790 1536 1829 nascuntur
1563 1784 1691 1842 hary-

214 1852 323 1894 tonis
340 1851 380 1903 ι)
402 1850 470 1893 vel
491 1864 518 1894 a
532 1850 677 1893 suturis
696 1851 785 1893 sine
809 1850 897 1893 ulla
920 1850 1178 1908 substantiae
1193 1851 1488 1903 immutatione,
1518 1858 1688 1909 excepto

212 1931 294 1960 uno
318 1913 430 1960 ἕστώ
444 1917 568 1972 παρὰ
588 1916 638 1959 τὸ
661 1914 839 1960 ἑστάναι
853 1916 968 1960 Phot.
1012 1915 1154 1974 Neque
1177 1917 1221 1960 id
1249 1917 1485 1961 anomaliae
1501 1919 1691 1962 eximitur

215 1985 275 2034 si,
305 1984 403 2039 quia
431 1984 684 2039 aspiratione
715 1988 849 2032 caret,
888 1982 940 2024 ab
972 1980 1069 2032 ἐτός
1100 1980 1123 2026 ὁ
1157 1981 1330 2040 ἀληθής
1359 1983 1586 2028 derivatum
1613 1997 1688 2041 pu-

210 2056 332 2099 tatur,
363 2062 443 2104 quo
459 2046 695 2103 Etymologi
723 2048 776 2090 ad
799 2047 1084 2104 explicandum
1108 2046 1229 2098 ἕτεός
1248 2055 1432 2101 utuntur3
1460 2062 1556 2094 nam
1578 2063 1685 2107 quae

213 2128 240 2159 a
257 2114 498 2159 verbalibus
515 2113 748 2170 huiusmodi
770 2113 932 2157 deflexa
947 2120 1052 2166 sunt,
1073 2116 1241 2172 propria
1255 2127 1350 2159 esse
1367 2114 1502 2159 solent
1518 2112 1683 2173 Ἐρατώ

210 2188 288 2225 etc.
347 2181 486 2234 Quare
509 2176 687 2223 Θελκτώ
708 2176 734 2238 ἦ
758 2179 1046 2237 κολακευτική
1066 2179 1164 2224 Hes.
1193 2183 1330 2239 potius
1357 2180 1561 2240 θέλκτωρ
1579 2184 1685 2228 scri-

210 2247 389 2292 bendum
422 2261 474 2291 ex
503 2245 657 2290 Aesch.
689 2245 831 2304 Suppl.
859 2245 956 2289 875.
986 2247 1199 2304 θέλκτορι
1229 2250 1402 2292 πειθοῖ.
1460 2245 1684 2305 Significa-

212 2317 363 2358 tionem
390 2315 427 2358 si
458 2320 704 2371 spectamuS‚
734 2320 803 2357 aut
824 2315 993 2371 propria
1022 2320 1115 2357 sunt
1141 2314 1310 2357 nomina
1335 2320 1405 2357 aut
1433 2317 1684 2371 cognomina

210 2395 262 2425 ex
281 2381 464 2425 moribus
484 2381 614 2424 indita
635 2387 705 2424 aut
720 2380 1000 2437 appellativa>
1029 2379 1115 2423 Sed
1142 2381 1305 2424 cuinam
1320 2378 1464 2425 horum
1482 2394 1681 2438 generum

208 2447 522 2505 unumquodque
554 2447 853 2503 subjiciendum
880 2449 944 2499 sit,
975 2459 1101 2504 saepe
1122 2447 1389 2491 haesitamus.
1446 2447 1679 2504 Hesychius

209 2511 363 2572 Γοργώ
405 2511 431 2572 ἡ
469 2512 708 2571 γοργότης·
747 2514 1003 2558 πέπλασται
1041 2509 1102 2563 ὡς
1140 2517 1234 2566 τοῖς
1269 2509 1422 2566 ἄλλοις
1455 2518 1678 2571 ποιηταῖς,

301 2657 335 2701 l)
371 2655 472 2694 Κινώ
495 2660 634 2703 κίνησις
659 2653 813 2706 Δωριεῖς’
839 2658 925 2694 Hes.
955 2669 1028 2694 non
1058 2669 1081 2693 a
1108 2659 1215 2694 κινέω
1239 2653 1308 2694 sed
1333 2669 1357 2694 a
1386 2658 1565 2705 berytono
1589 2669 1676 2705 quo·

205 2713 287 2747 dam
307 2713 487 2756 themate3
520 2712 661 2761 Δαμνώ
685 2714 783 2761 quod
806 2713 1040 2751 Muetzellius
1064 2713 1188 2759 affert,
1225 2725 1299 2751 non
1328 2726 1351 2751 a
1375 2712 1532 2763 δαμνάω
1563 2715 1630 2751 sed
1652 2726 1676 2751 a

206 2766 356 2814 δάμνω,
381 2767 506 2817 κοσμώ
531 2782 624 2807 vero
647 2783 670 2807 a
692 2771 848 2808 nomine.
