1728 3120
233 216 332 262 228
664 203 1110 250 DISSERTATIO
1154 203 1267 248 XIII.

237 323 448 377 κομέεσκε
475 328 516 363 et
543 319 753 371 ἐνδυκέως
774 317 962 371 ἐκόμιζε.
1020 316 1204 360 Tertium
1234 322 1515 373 argumentum
1525 316 1698 375 praebet

234 401 372 433 >sermo
408 388 655 437 communis,
699 388 741 428 in
775 398 854 443 quo
884 384 1012 428 multa
1045 384 1164 440 huJus
1205 383 1481 434 dieatalexiae
1502 384 1698 441 exempla

235 455 514 512 reperiuntur:
545 450 722 509 ἀτρεμιῦ
742 452 815 496 καὶ
836 449 1054 508 ἅτρεμιζω
1077 451 1223 495 Thom.
1250 464 1330 508 quo
1347 457 1520 508 utroque
1536 457 1699 495 utuntur

232 521 505 579 ,Hippocrates
542 527 582 563 et
612 519 866 571 Herodotu83
907 515 1242 574 εὐαγγελίζομαι
1278 517 1476 574 λέγουσιν
1512 513 1542 575 ἢ
1573 513 1699 573 suiuy·-

236 589 351 644 γελῶ
392 587 542 642 Phryn.
585 585 673 629 Ecl.
709 587 805 629 266.
850 586 1117 642 similiterque
1171 583 1387 642 ἆκινητεῖν
1429 579 1699 642 ἆκινητίζειν,,

236 653 415 712 ἠρεμεῖν
459 651 701 711 ἧρεμίζειν,
724 658 790 705 1¹)
854 650 1053 707 ἇσμενεῖν
1104 649 1370 706 ἀσμενίζειν,
1422 648 1702 695 ἀπενιαυτεῖν

233 719 647 774 -ἇπενιαυτὶ’ζειν,12)
679 722 949 773 κακοτεχνεῖν
989 717 1324 772 κακοτεχνῖζειν,
1366 717 1477 775 quod
1504 717 1695 760 Antiatti„

238 790 347 833 cista
383 787 516 830 Bekk.
561 786 771 830 confirmat
812 787 963 829 Alcaei
1009 787 1157 829 comici
1201 785 1459 836 testimonio,
1503 780 1700 841 ὕστερεῖι·

236 852 477 912 ὑστερίζειν
515 868 553 897 v.
580 854 633 897 ad
658 853 808 908 Phryn.
840 853 935 897 237.
967 860 1007 896 et
1029 852 1145 910 Inttp.
1177 852 1231 895 ad
1259 850 1389 895 Thuc.
1419 849 1524 894 vm.
1541 849 1611 895 44.
1634 851 1701 905 ¹³)

238 921 488 966 ἐπισκοτεῖν
513 919 823 972 ἐπισκοτῖζειν,
851 919 1147 974 ἐνθυμεῖσθαι
1177 917 1495 973 ἕνθυμῖζεσθαι
1535 917 1698 974 aliaque

240 989 296 1032 ad
326 987 476 1043 Phryn.
506 986 601 1030 568.
630 994 670 1029 et
697 987 749 1029 ad
780 986 925 1030 Buttm.
954 987 1050 1030 386.
1083 986 1224 1036 allata,
1255 998 1425 1043 quorum
1453 985 1699 1041 significatio

239 1055 386 1099 eadem
412 1060 486 1097 est.
542 1054 644 1097 Alia
670 1067 769 1106 vero
797 1053 864 1097 vel
894 1056 952 1096 ita
971 1054 1151 1096 discreta
1181 1059 1272 1096 sunt
1297 1059 1339 1096 ut
1367 1055 1602 1096 summutari
1618 1065 1704 1096 non

238 1123 399 1179 possint
431 1128 473 1163 ut
512 1124 662 1174 κομεῖν
701 1129 739 1164 et
777 1120 986 1175 κομίζειν,
1027 1120 1174 1177 quibus
1210 1118 1412 1163 Homerus
1445 1126 1582 1163 tamen
1609 1132 1705 1176 pro·-

238 1190 396 1232 miscue
422 1189 556 1238 utitur,
586 1184 738 1244 ὁρμεῖν
768 1195 807 1230 et
836 1185 1050 1244 ὁρμίζειν,
1081 1186 1265 1230 σποδεῖν
1292 1192 1332 1230 et
1357 1185 1602 1240 σποδῖζειν,
1631 1201 1704 1229 νο·-

239 1257 330 1298 τεῖν
369 1260 407 1297 et
444 1253 626 1307 νοτῖζειν
661 1262 700 1298 et
743 1267 848 1311 quae
886 1253 1134 1310 Apollonius
1173 1253 1224 1296 de
1257 1251 1375 1307 Synt.
1404 1251 1574 1295 111..31.
1603 1252 1701 1295 276.

239 1324 285 1365 in
302 1321 410 1364 hanc
437 1335 523 1364 rem
544 1320 662 1364 affert
690 1320 944 1373 δειπνίζειν,
974 1319 1182 1374 γαμῖζειν.
1237 1316 1316 1362 Vel
1335 1326 1446 1363 certe
1473 1332 1559 1364 non
1586 1332 1705 1377 pror--

241 1401 313 1433 sus
343 1388 452 1431 idem
490 1387 650 1431 valent:
694 1384 803 1430 ιῦθιῦ
841 1385 889 1429 τὸ
921 1389 1018 1437 ταῖς
1046 1385 1193 1444 χερσὶν
1222 1378 1504 1440 ἆποπὲμπω,
1548 1381 1701 1439 ὦθίζω

241 1455 292 1500 δὲ
318 1454 368 1498 τὸ
398 1452 588 1498 dnm-9⁶5
613 1451 703 1498 ὑπὸ
730 1454 907 1498 πολλῶν
937 1447 1195 1506 ὠθούμενος
1221 1451 1318 1496 Sch.
1337 1452 1515 1496 Theocr.
1537 1451 1588 1495 Π.
1608 1452 1702 1496 126.

241 1536 321 1579 quo
351 1521 562 1564 intellectu
589 1516 830 1575 ιῧστῖζομαι
859 1519 942 1562 dici
961 1518 1079 1562 solet.
1121 1517 1276 1563 Suidas
1297 1515 1705 1578 Ἀνδραγαθῖζομαι

243 1585 510 1644 ἄνδραγαθιῦ
541 1587 609 1637 δέ,
639 1589 746 1630 inter
775 1599 880 1643 quae
909 1586 1089 1629 fortasse
1121 1587 1230 1629 idem
1264 1586 1571 1644 interestquod
1599 1587 1706 1630 inter

241 1657 461 1711 τυραννεῖν
495 1661 534 1697 et
571 1652 846 1711 τυραννῖζειν.
904 1652 1010 1696 Nam
1048 1655 1092 1696 in
1120 1652 1253 1698 Thuc.
1284 1652 1352 1696 III.
1380 1653 1448 1697 40.
1484 1653 1588 1705 illusi
1623 1666 1703 1706 non

240 1730 323 1766 tam
355 1717 503 1765 ἀσκεῖν
523 1716 839 1776 ἅνδραγαθὶάν,
870 1726 912 1763 ut
928 1718 1069 1764 Schol.
1087 1722 1387 1778 interpretatur,
1416 1732 1536 1778 quam
1555 1733 1704 1764 nomen

243 1797 283 1832 et
310 1789 464 1832 famam
491 1788 570 1831 viri
597 1787 696 1830 boni
727 1786 921 1830 affectare
951 1787 1155 1843 significat
1181 1787 1468 1841 terminatione
1491 1789 1705 1832 imitativa.

242 1855 427 1899 Tertium
455 1867 587 1910 genus
618 1861 681 1896 est
705 1868 857 1906 eorum,
887 1868 1058 1911 quorum
1082 1861 1265 1912 potestas
1284 1854 1441 1899 *eadem
1470 1855 1546 1899 sed
1572 1854 1710 1898 altera

241 1923 377 1966 forma
414 1923 552 1978 poesi,
596 1920 729 1975 altera
764 1925 945 1964 sermoni
984 1920 1318 1973 cessit-3‘Schol.
1356 1920 1534 1966 Theocr.
1574 1920 1605 1963 Ι.
1637 1920 1728 1968 38Λ

240 1988 420 2043 μοχθέω
461 1986 624 2037 κοινὸν,
671 1986 870 2040 μοχθίζει)
918 1987 1167 2043 ποιητικόν,
1210 1988 1319 2044 quod
1355 1988 1468 2032 idem
1507 1988 1619 2032 valet
1654 1988 1728 2031 de?

243 2051 442 2106 αἶνίζειν,
477 2050 678 2104 αἰτίζειν,
708 2052 980 2105 πολεμίζειν,
1008 2052 1315 2109 προμαχίζειν,
1338 2054 1705 2111 προκαλίζεσθαι,
1727 2077 1728 2100 ;

243 2122 388 2176 quibus
432 2120 721 2175 perispomena
770 2119 988 2162 substituta
1030 2126 1142 2171 sunt;
1200 2123 1449 2165 contrarium
1501 2134 1600 2166 vero
1655 2122 1705 2165 de

242 2183 466 2244 ἅφρῖζειν,
528 2183 744 2238 τειχίζειν,
803 2183 1196 2243 ἆκροβολῖζεσθαις
1261 2199 1367 2243 quae
1388 2181 1398 2191 ‘⁴
1422 2188 1728 2245 praeferuntur*

335 2375 392 2420 ll)
425 2375 518 2410 Huic
541 2375 748 2411 Eustathius
777 2375 875 2420 1416,
900 2376 954 2412 39.
991 2377 1141 2423 apponit
1163 2362 1459 2421 ἀποβουκολίζειν
1479 2360 1525 2429 ,pi
1547 2355 1717 2428 φλυαρύ-Ἰ

243 2436 333 2478 ζειν,
361 2432 457 2477 quod
475 2432 652 2467 interdum
681 2444 760 2467 cum
787 2435 998 2480 φλαυρίζειν
1020 2437 1254 2479 permutatur.

337 2499 394 2544 12)
429 2499 513 2535 Cum
535 2499 604 2534 hoc
629 2506 826 2546 congruunt
848 2501 1112 2544 διενιαυτίζειν,
1138 2499 1460 2548 ἐναπενιαυιίζειν,
1485 2500 1705 2550 ὑπερενιαυ-

243 2560 350 2598 τίζειν
375 2562 411 2591 et
436 2568 480 2591 ex
504 2556 706 2602 propinquo
731 2568 863 2602 genere
888 2558 1072 2602 διετίζειν,
1098 2558 1367 2603 εῖναετΐζεσθαι,
1393 2558 1649 2607 αὕθημερίζειν
1669 2566 1706 2595 et

244 2614 564 2662 ἀπαυθημερίζειν.
620 2613 695 2648 Sed
732 2612 965 2650 ἀπενιαυτεῖν
999 2619 1140 2649 tuentur
1181 2613 1345 2651 Platonis
1381 2616 1484 2652 codd.
1519 2623 1705 2663 praestan·

242 2670 378 2705 tissimi.
1255 2716 1257 2718 q
1443 2716 1445 2718 q

338 2737 393 2781 13)
426 2737 548 2772 Schol.
574 2737 682 2773 Thuc.
710 2737 790 2774 vll.
815 2737 869 2773 29.
906 2740 1174 2784 καθυστερίζειν
1196 2737 1350 2778 ἀττικόν.
1397 2741 1474 2781 Sed
1498 2741 1594 2788 apud
1614 2741 1705 2778 Atti-

245 2805 307 2828 cos
332 2804 447 2838 neque
471 2794 540 2828 hoc
563 2793 693 2839 legitur
716 2805 831 2839 neque
854 2798 1103 2842 καθυστερεῖν.
