<?xml version="1.0" encoding="UTF-8"?>
<!DOCTYPE html PUBLIC "-//W3C//DTD XHTML 1.0 Transitional//EN"
    "http://www.w3.org/TR/xhtml1/DTD/xhtml1-transitional.dtd">
<html xmlns="http://www.w3.org/1999/xhtml" xml:lang="en" lang="en">
 <head>
  <title>
</title>
<meta http-equiv="Content-Type" content="text/html;charset=utf-8" />
  <meta name='ocr-system' content='tesseract 3.04.00' />
  <meta name='ocr-capabilities' content='ocr_page ocr_carea ocr_par ocr_line ocrx_word'/>
</head>
<body>
  <div class='ocr_page' id='page_1' title='image "./rhematikonsiveve00lobeuoft_0208.png"; bbox 0 0 1728 3120; ppageno 0'>
   <div class='ocr_carea' id='block_1_1' title="bbox 226 168 1244 226">
    <p class='ocr_par' dir='ltr' id='par_1_1' title="bbox 226 168 1244 226">
     <span class='ocr_line' id='line_1_1' title="bbox 226 168 1244 226; baseline -0.004 -9"><span class='ocrx_word' id='word_1_1' title='bbox 226 180 320 226; x_wconf 84' lang='lat'>190</span> <span class='ocrx_word' id='word_1_2' title='bbox 666 168 1128 213; x_wconf 80' lang='lat' dir='ltr'><strong>DISSERTATIO</strong></span> <span class='ocrx_word' id='word_1_3' title='bbox 1170 169 1244 213; x_wconf 85' lang='lat' dir='ltr'>xl.</span> 
     </span>
    </p>
   </div>
   <div class='ocr_carea' id='block_1_2' title="bbox 1653 0 1728 3120">
    <p class='ocr_par' dir='ltr' id='par_1_2' title="bbox 1653 0 1728 3120">
     <span class='ocr_line' id='line_1_2' title="bbox 1663 0 1728 383; baseline 0 -64"><span class='ocrx_word' id='word_1_4' title='bbox 1663 0 1728 383; x_wconf 95' lang='lat' dir='ltr'>  </span> 
     </span>
     <span class='ocr_line' id='line_1_3' title="bbox 1664 383 1728 635; baseline 0 -116"><span class='ocrx_word' id='word_1_5' title='bbox 1664 383 1728 635; x_wconf 95' lang='lat' dir='ltr'>     </span> 
     </span>
     <span class='ocr_line' id='line_1_4' title="bbox 1653 649 1728 916; baseline -0.147 1"><span class='ocrx_word' id='word_1_6' title='bbox 1653 649 1728 916; x_wconf 95' lang='lat' dir='ltr'>    </span> 
     </span>
     <span class='ocr_line' id='line_1_5' title="bbox 1656 916 1728 1052; baseline 0 0"><span class='ocrx_word' id='word_1_7' title='bbox 1656 916 1728 1052; x_wconf 95' lang='lat' dir='ltr'>    </span> 
     </span>
     <span class='ocr_line' id='line_1_6' title="bbox 1674 1052 1728 1172; baseline 0 0"><span class='ocrx_word' id='word_1_8' title='bbox 1674 1052 1728 1172; x_wconf 95' lang='lat' dir='ltr'>  </span> 
     </span>
     <span class='ocr_line' id='line_1_7' title="bbox 1664 1172 1728 1367; baseline 0 -184"><span class='ocrx_word' id='word_1_9' title='bbox 1664 1172 1728 1367; x_wconf 95' lang='lat' dir='ltr'>     </span> 
     </span>
     <span class='ocr_line' id='line_1_8' title="bbox 1665 1501 1728 1701; baseline 0 -116"><span class='ocrx_word' id='word_1_10' title='bbox 1665 1501 1728 1701; x_wconf 95' lang='lat' dir='ltr'>    </span> 
     </span>
     <span class='ocr_line' id='line_1_9' title="bbox 1653 1701 1728 1902; baseline 0 -113"><span class='ocrx_word' id='word_1_11' title='bbox 1653 1701 1728 1902; x_wconf 95' lang='lat' dir='ltr'>   </span> 
     </span>
     <span class='ocr_line' id='line_1_10' title="bbox 1703 2464 1728 3120; baseline 0 0"><span class='ocrx_word' id='word_1_12' title='bbox 1703 2464 1728 3120; x_wconf 95' lang='lat' dir='ltr'>    </span> 
     </span>
    </p>
   </div>
   <div class='ocr_carea' id='block_1_3' title="bbox 214 279 1719 2690">
    <p class='ocr_par' dir='ltr' id='par_1_3' title="bbox 215 279 1713 1941">
     <span class='ocr_line' id='line_1_11' title="bbox 219 279 1690 341; baseline -0.001 -13"><span class='ocrx_word' id='word_1_13' title='bbox 219 286 467 340; x_wconf 81' lang='grc' dir='ltr'><strong><em>πίμπλημι,</em></strong></span> <span class='ocrx_word' id='word_1_14' title='bbox 499 283 591 338; x_wconf 77' lang='grc' dir='ltr'>χρῶ</span> <span class='ocrx_word' id='word_1_15' title='bbox 622 279 818 336; x_wconf 80' lang='grc' dir='ltr'><em>κίχρημι,</em></span> <span class='ocrx_word' id='word_1_16' title='bbox 850 285 1007 339; x_wconf 83' lang='grc' dir='ltr'><strong><em>πιπρῶ</em></strong></span> <span class='ocrx_word' id='word_1_17' title='bbox 1037 281 1256 340; x_wconf 81' lang='grc' dir='ltr'><strong><em>πίπρημι,</em></strong></span> <span class='ocrx_word' id='word_1_18' title='bbox 1286 294 1458 337; x_wconf 75' lang='lat' dir='ltr'>quorum</span> <span class='ocrx_word' id='word_1_19' title='bbox 1480 285 1690 341; x_wconf 34' lang='lat' dir='ltr'>&#39;primitiv</span> 
     </span>
     <span class='ocr_line' id='line_1_12' title="bbox 218 346 1689 410; baseline -0.001 -15"><span class='ocrx_word' id='word_1_20' title='bbox 218 359 383 410; x_wconf 84' lang='lat' dir='ltr'>praeter</span> <span class='ocrx_word' id='word_1_21' title='bbox 420 346 542 404; x_wconf 80' lang='grc' dir='ltr'><em>χράω</em></span> <span class='ocrx_word' id='word_1_22' title='bbox 582 360 604 388; x_wconf 91' lang='lat' dir='ltr'>e</span> <span class='ocrx_word' id='word_1_23' title='bbox 645 354 786 390; x_wconf 87' lang='lat' dir='ltr'>nostro</span> <span class='ocrx_word' id='word_1_24' title='bbox 831 354 1054 404; x_wconf 87' lang='lat' dir='ltr'>conspectu</span> <span class='ocrx_word' id='word_1_25' title='bbox 1093 349 1360 400; x_wconf 79' lang='lat' dir='ltr'>oblitescant,</span> <span class='ocrx_word' id='word_1_26' title='bbox 1409 350 1689 408; x_wconf 63' lang='grc' dir='ltr'>111111.·βι’βημ</span> 
     </span>
     <span class='ocr_line' id='line_1_13' title="bbox 220 411 1689 474; baseline -0.001 -14"><span class='ocrx_word' id='word_1_27' title='bbox 220 418 408 474; x_wconf 62' lang='lat' dir='ltr'>dventu,</span> <span class='ocrx_word' id='word_1_28' title='bbox 443 413 634 470; x_wconf 79' lang='grc' dir='ltr'><strong><em>ὄίὸρημι,</em></strong></span> <span class='ocrx_word' id='word_1_29' title='bbox 663 416 746 456; x_wconf 88' lang='lat' dir='ltr'>nisi</span> <span class='ocrx_word' id='word_1_30' title='bbox 774 413 997 457; x_wconf 82' lang='lat' dir='ltr'>infinitivus</span> <span class='ocrx_word' id='word_1_31' title='bbox 1017 411 1328 472; x_wconf 75' lang='grc' dir='ltr'><strong><em>ἆποδιδράναι,</em></strong></span> <span class='ocrx_word' id='word_1_32' title='bbox 1358 415 1591 474; x_wconf 83' lang='lat' dir='ltr'>ubicunque</span> <span class='ocrx_word' id='word_1_33' title='bbox 1621 417 1689 461; x_wconf 51' lang='lat' dir='ltr'>de:</span> 
     </span>
     <span class='ocr_line' id='line_1_14' title="bbox 218 479 1693 541; baseline 0 -14"><span class='ocrx_word' id='word_1_34' title='bbox 218 482 493 541; x_wconf 83' lang='lat' dir='ltr'>prehenditur,</span> <span class='ocrx_word' id='word_1_35' title='bbox 528 483 571 524; x_wconf 91' lang='lat' dir='ltr'>in</span> <span class='ocrx_word' id='word_1_36' title='bbox 605 479 859 539; x_wconf 72' lang='grc' dir='ltr'><strong><em>ἀποδρᾶναι</em></strong></span> <span class='ocrx_word' id='word_1_37' title='bbox 883 481 1099 524; x_wconf 87' lang='lat' dir='ltr'>mutandus</span> <span class='ocrx_word' id='word_1_38' title='bbox 1118 488 1193 533; x_wconf 86' lang='lat' dir='ltr'>est,</span> <span class='ocrx_word' id='word_1_39' title='bbox 1224 489 1264 525; x_wconf 88' lang='lat' dir='ltr'>et</span> <span class='ocrx_word' id='word_1_40' title='bbox 1291 482 1468 526; x_wconf 86' lang='lat' dir='ltr'>medium</span> <span class='ocrx_word' id='word_1_41' title='bbox 1485 481 1667 536; x_wconf 72' lang='grc' dir='ltr'>ἵπταμα.</span> <span class='ocrx_word' id='word_1_42' title='bbox 1686 486 1693 493; x_wconf 71' lang='grc'>”</span> 
     </span>
     <span class='ocr_line' id='line_1_15' title="bbox 219 545 1680 606; baseline -0.002 -11"><span class='ocrx_word' id='word_1_43' title='bbox 219 554 287 595; x_wconf 86' lang='lat' dir='ltr'>cui</span> <span class='ocrx_word' id='word_1_44' title='bbox 306 549 496 594; x_wconf 89' lang='lat' dir='ltr'>convenit</span> <span class='ocrx_word' id='word_1_45' title='bbox 521 549 701 592; x_wconf 86' lang='lat' dir='ltr'>aoristus</span> <span class='ocrx_word' id='word_1_46' title='bbox 729 545 859 599; x_wconf 73' lang='grc' dir='ltr'><strong><em>πτας,</em></strong></span> <span class='ocrx_word' id='word_1_47' title='bbox 891 546 1058 591; x_wconf 74' lang='grc' dir='ltr'><strong><em>ἔπτατο</em></strong></span> <span class='ocrx_word' id='word_1_48' title='bbox 1088 548 1164 591; x_wconf 90' lang='lat' dir='ltr'>sed</span> <span class='ocrx_word' id='word_1_49' title='bbox 1195 548 1358 605; x_wconf 86' lang='lat' dir='ltr'>epsilon</span> <span class='ocrx_word' id='word_1_50' title='bbox 1385 548 1619 606; x_wconf 81' lang='lat' dir='ltr'>praevaluit</span> <span class='ocrx_word' id='word_1_51' title='bbox 1649 549 1680 592; x_wconf 82' lang='lat' dir='ltr'>i</span> 
     </span>
     <span class='ocr_line' id='line_1_16' title="bbox 219 613 1697 674; baseline -0.001 -12"><span class='ocrx_word' id='word_1_52' title='bbox 219 617 462 674; x_wconf 83' lang='lat' dir='ltr'>antepositis</span> <span class='ocrx_word' id='word_1_53' title='bbox 497 615 691 668; x_wconf 80' lang='grc' dir='ltr'><strong><em>πέτομαι</em></strong></span> <span class='ocrx_word' id='word_1_54' title='bbox 712 614 869 669; x_wconf 79' lang='grc' dir='ltr'>(πτέω)</span> <span class='ocrx_word' id='word_1_55' title='bbox 899 613 1074 671; x_wconf 77' lang='grc' dir='ltr'><strong>πτέρον.</strong></span> <span class='ocrx_word' id='word_1_56' title='bbox 1131 613 1370 672; x_wconf 89' lang='lat' dir='ltr'>Eademque</span> <span class='ocrx_word' id='word_1_57' title='bbox 1391 617 1602 673; x_wconf 79' lang='lat' dir='ltr'>utriusque</span> <span class='ocrx_word' id='word_1_58' title='bbox 1618 629 1669 663; x_wconf 83' lang='lat' dir='ltr'>vo</span> <span class='ocrx_word' id='word_1_59' title='bbox 1688 654 1697 661; x_wconf 84' lang='lat'>..</span> 
     </span>
     <span class='ocr_line' id='line_1_17' title="bbox 219 679 1696 740; baseline -0.003 -11"><span class='ocrx_word' id='word_1_60' title='bbox 219 685 325 729; x_wconf 84' lang='lat' dir='ltr'>calis</span> <span class='ocrx_word' id='word_1_61' title='bbox 353 680 597 726; x_wconf 84' lang='lat' dir='ltr'>vicissitudo</span> <span class='ocrx_word' id='word_1_62' title='bbox 628 682 809 724; x_wconf 86' lang='lat' dir='ltr'>cernitur</span> <span class='ocrx_word' id='word_1_63' title='bbox 848 682 890 723; x_wconf 89' lang='lat' dir='ltr'>in</span> <span class='ocrx_word' id='word_1_64' title='bbox 921 681 1018 724; x_wconf 89' lang='lat' dir='ltr'>aliis</span> <span class='ocrx_word' id='word_1_65' title='bbox 1058 683 1368 737; x_wconf 78' lang='lat' dir='ltr'>conjugatorum</span> <span class='ocrx_word' id='word_1_66' title='bbox 1405 681 1531 740; x_wconf 82' lang='grc' dir='ltr'><em>φρέω</em></span> <span class='ocrx_word' id='word_1_67' title='bbox 1562 679 1696 740; x_wconf 62' lang='grc' dir='ltr'><strong><em>φρει</em></strong></span> 
     </span>
     <span class='ocr_line' id='line_1_18' title="bbox 221 747 1668 808; baseline -0.001 -14"><span class='ocrx_word' id='word_1_68' title='bbox 221 747 520 808; x_wconf 79' lang='grc' dir='ltr'><strong><em>ἕμπιφράναι,</em></strong></span> <span class='ocrx_word' id='word_1_69' title='bbox 555 748 663 804; x_wconf 87' lang='lat' dir='ltr'>quod</span> <span class='ocrx_word' id='word_1_70' title='bbox 694 748 813 791; x_wconf 88' lang='lat' dir='ltr'>codd.</span> <span class='ocrx_word' id='word_1_71' title='bbox 845 749 985 805; x_wconf 90' lang='lat' dir='ltr'>optimi</span> <span class='ocrx_word' id='word_1_72' title='bbox 1013 748 1255 792; x_wconf 87' lang='lat' dir='ltr'>Aristotelis</span> <span class='ocrx_word' id='word_1_73' title='bbox 1284 748 1506 807; x_wconf 83' lang='lat' dir='ltr'>praebent,</span> <span class='ocrx_word' id='word_1_74' title='bbox 1540 747 1699 807; x_wconf 76' lang='grc' dir='ltr'><strong><em>τιτρᾷ</em></strong></span> 
     </span>
     <span class='ocr_line' id='line_1_19' title="bbox 217 814 1689 876; baseline -0.003 -14"><span class='ocrx_word' id='word_1_75' title='bbox 217 815 419 876; x_wconf 80' lang='grc' dir='ltr'><strong><em>τιτράναι</em></strong></span> <span class='ocrx_word' id='word_1_76' title='bbox 453 814 631 873; x_wconf 82' lang='grc' dir='ltr'><strong><em>τερὲσαι</em></strong></span> <span class='ocrx_word' id='word_1_77' title='bbox 660 814 862 871; x_wconf 79' lang='grc' dir='ltr'><strong><em>τέρετρον</em></strong></span> <span class='ocrx_word' id='word_1_78' title='bbox 894 829 933 858; x_wconf 92' lang='lat' dir='ltr'>v.</span> <span class='ocrx_word' id='word_1_79' title='bbox 950 814 1063 858; x_wconf 88' lang='lat' dir='ltr'>Diss.</span> <span class='ocrx_word' id='word_1_80' title='bbox 1088 814 1136 857; x_wconf 90' lang='lat' dir='ltr'>V.</span> <span class='ocrx_word' id='word_1_81' title='bbox 1153 815 1189 870; x_wconf 58' lang='grc' dir='ltr'>ᾗ</span> <span class='ocrx_word' id='word_1_82' title='bbox 1204 815 1246 858; x_wconf 87' lang='grc'>4.</span> <span class='ocrx_word' id='word_1_83' title='bbox 1274 815 1497 860; x_wconf 83' lang='lat' dir='ltr'>Adnotam.</span> <span class='ocrx_word' id='word_1_84' title='bbox 1523 821 1564 859; x_wconf 79' lang='lat' dir='ltr'>et</span> <span class='ocrx_word' id='word_1_85' title='bbox 1588 827 1689 858; x_wconf 78' lang='grc'>11011-</span> 
     </span>
     <span class='ocr_line' id='line_1_20' title="bbox 216 878 1701 949; baseline 0 -20"><span class='ocrx_word' id='word_1_86' title='bbox 216 897 424 941; x_wconf 86' lang='lat' dir='ltr'>nunquam</span> <span class='ocrx_word' id='word_1_87' title='bbox 455 884 581 925; x_wconf 85' lang='lat' dir='ltr'>etiam</span> <span class='ocrx_word' id='word_1_88' title='bbox 610 884 653 924; x_wconf 93' lang='lat' dir='ltr'>in</span> <span class='ocrx_word' id='word_1_89' title='bbox 681 883 829 925; x_wconf 89' lang='lat' dir='ltr'>iisdem</span> <span class='ocrx_word' id='word_1_90' title='bbox 859 881 1100 936; x_wconf 80' lang='grc' dir='ltr'><strong><em>ἕμπιπλέει</em></strong></span> <span class='ocrx_word' id='word_1_91' title='bbox 1122 881 1276 926; x_wconf 86' lang='lat' dir='ltr'>Herod.</span> <span class='ocrx_word' id='word_1_92' title='bbox 1294 881 1381 925; x_wconf 88' lang='lat' dir='ltr'>vll.</span> <span class='ocrx_word' id='word_1_93' title='bbox 1397 882 1467 926; x_wconf 85' lang='lat'>39.</span> <span class='ocrx_word' id='word_1_94' title='bbox 1487 882 1527 936; x_wconf 86' lang='lat'>2)</span> <span class='ocrx_word' id='word_1_95' title='bbox 1559 878 1651 935; x_wconf 75' lang='grc' dir='ltr'>ἓμπ</span> <span class='ocrx_word' id='word_1_96' title='bbox 1684 893 1701 949; x_wconf 42' lang='lat'>¹«</span> 
     </span>
     <span class='ocr_line' id='line_1_21' title="bbox 218 946 1701 1007; baseline -0.005 -11"><span class='ocrx_word' id='word_1_97' title='bbox 218 951 347 1003; x_wconf 84' lang='grc' dir='ltr'><strong><em>πλείς</em></strong></span> <span class='ocrx_word' id='word_1_98' title='bbox 375 950 566 1007; x_wconf 90' lang='lat' dir='ltr'>Hippocr.</span> <span class='ocrx_word' id='word_1_99' title='bbox 598 950 648 992; x_wconf 89' lang='lat' dir='ltr'>de</span> <span class='ocrx_word' id='word_1_100' title='bbox 678 948 813 992; x_wconf 89' lang='lat' dir='ltr'>Morb.</span> <span class='ocrx_word' id='word_1_101' title='bbox 844 948 893 991; x_wconf 91' lang='lat'>11.</span> <span class='ocrx_word' id='word_1_102' title='bbox 923 950 1020 992; x_wconf 86' lang='grc'><strong>226.</strong></span> <span class='ocrx_word' id='word_1_103' title='bbox 1051 948 1101 992; x_wconf 93' lang='grc' dir='ltr'>Τ.</span> <span class='ocrx_word' id='word_1_104' title='bbox 1121 948 1173 991; x_wconf 93' lang='lat' dir='ltr'>II.</span> <span class='ocrx_word' id='word_1_105' title='bbox 1206 957 1246 993; x_wconf 88' lang='lat' dir='ltr'>et</span> <span class='ocrx_word' id='word_1_106' title='bbox 1273 949 1376 993; x_wconf 90' lang='lat' dir='ltr'>alibi</span> <span class='ocrx_word' id='word_1_107' title='bbox 1403 963 1442 992; x_wconf 85' lang='lat' dir='ltr'>v.</span> <span class='ocrx_word' id='word_1_108' title='bbox 1469 949 1524 992; x_wconf 85' lang='lat' dir='ltr'>ad</span> <span class='ocrx_word' id='word_1_109' title='bbox 1539 946 1701 992; x_wconf 86' lang='lat' dir='ltr'>Buttm</span> 
     </span>
     <span class='ocr_line' id='line_1_22' title="bbox 217 1014 1669 1075; baseline -0.003 -13"><span class='ocrx_word' id='word_1_110' title='bbox 217 1018 313 1063; x_wconf 84' lang='lat'>274.</span> <span class='ocrx_word' id='word_1_111' title='bbox 349 1015 591 1075; x_wconf 76' lang='grc' dir='ltr'><strong><em>ἐμπιπρείς</em></strong></span> <span class='ocrx_word' id='word_1_112' title='bbox 628 1018 671 1058; x_wconf 88' lang='lat' dir='ltr'>in</span> <span class='ocrx_word' id='word_1_113' title='bbox 700 1016 830 1058; x_wconf 89' lang='lat' dir='ltr'>tribus</span> <span class='ocrx_word' id='word_1_114' title='bbox 860 1015 978 1059; x_wconf 88' lang='lat' dir='ltr'>codd.</span> <span class='ocrx_word' id='word_1_115' title='bbox 1009 1014 1208 1060; x_wconf 87' lang='lat' dir='ltr'>Herodoti</span> <span class='ocrx_word' id='word_1_116' title='bbox 1237 1017 1530 1060; x_wconf 85' lang='lat' dir='ltr'>convenienter</span> <span class='ocrx_word' id='word_1_117' title='bbox 1555 1022 1669 1071; x_wconf 63' lang='lat' dir='ltr'>ety‘</span> 
     </span>
     <span class='ocr_line' id='line_1_23' title="bbox 219 1074 1698 1142; baseline -0.002 -13"><span class='ocrx_word' id='word_1_118' title='bbox 219 1085 352 1142; x_wconf 75' lang='grc' dir='ltr'><strong><em>ἕπρεε</em></strong></span> <span class='ocrx_word' id='word_1_119' title='bbox 392 1085 480 1127; x_wconf 87' lang='lat' dir='ltr'>sive</span> <span class='ocrx_word' id='word_1_120' title='bbox 523 1080 704 1140; x_wconf 71' lang='grc' dir='ltr'><strong><em>ἔπρεσε,</em></strong></span> <span class='ocrx_word' id='word_1_121' title='bbox 742 1083 902 1139; x_wconf 78' lang='grc' dir='ltr'><em>πέρθω</em></span> <span class='ocrx_word' id='word_1_122' title='bbox 932 1089 1010 1126; x_wconf 89' lang='lat' dir='ltr'>etc.</span> <span class='ocrx_word' id='word_1_123' title='bbox 1067 1083 1129 1126; x_wconf 89' lang='lat' dir='ltr'>De</span> <span class='ocrx_word' id='word_1_124' title='bbox 1166 1082 1320 1140; x_wconf 84' lang='lat' dir='ltr'>duplici</span> <span class='ocrx_word' id='word_1_125' title='bbox 1355 1082 1474 1126; x_wconf 84' lang='lat' dir='ltr'>verbi</span> <span class='ocrx_word' id='word_1_126' title='bbox 1502 1081 1620 1140; x_wconf 84' lang='grc' dir='ltr'><strong><em>φημί</em></strong></span> <span class='ocrx_word' id='word_1_127' title='bbox 1652 1074 1698 1128; x_wconf 75' lang='grc' dir='ltr'>θ’</span> 
     </span>
     <span class='ocr_line' id='line_1_24' title="bbox 217 1148 1701 1210; baseline 0 -15"><span class='ocrx_word' id='word_1_128' title='bbox 217 1149 299 1210; x_wconf 73' lang='grc' dir='ltr'>ἠμί</span> <span class='ocrx_word' id='word_1_129' title='bbox 327 1150 504 1193; x_wconf 87' lang='lat' dir='ltr'>themate</span> <span class='ocrx_word' id='word_1_130' title='bbox 529 1149 627 1206; x_wconf 89' lang='lat' dir='ltr'>quid</span> <span class='ocrx_word' id='word_1_131' title='bbox 644 1148 910 1193; x_wconf 87' lang='lat' dir='ltr'>Grammatici</span> <span class='ocrx_word' id='word_1_132' title='bbox 933 1152 1090 1207; x_wconf 86' lang='lat' dir='ltr'>opinati</span> <span class='ocrx_word' id='word_1_133' title='bbox 1120 1151 1213 1201; x_wconf 82' lang='lat' dir='ltr'>sint,</span> <span class='ocrx_word' id='word_1_134' title='bbox 1242 1149 1337 1194; x_wconf 89' lang='lat' dir='ltr'>loco</span> <span class='ocrx_word' id='word_1_135' title='bbox 1356 1149 1477 1206; x_wconf 75' lang='lat' dir='ltr'>huJus</span> <span class='ocrx_word' id='word_1_136' title='bbox 1504 1150 1568 1192; x_wconf 88' lang='lat' dir='ltr'>rei</span> <span class='ocrx_word' id='word_1_137' title='bbox 1596 1162 1661 1206; x_wconf 87' lang='lat' dir='ltr'>pr</span> <span class='ocrx_word' id='word_1_138' title='bbox 1683 1162 1701 1206; x_wconf 66' lang='grc' dir='ltr'>’ῑῖ</span> 
     </span>
     <span class='ocr_line' id='line_1_25' title="bbox 217 1214 1703 1276; baseline -0.002 -15"><span class='ocrx_word' id='word_1_139' title='bbox 217 1220 307 1276; x_wconf 88' lang='lat' dir='ltr'>prio</span> <span class='ocrx_word' id='word_1_140' title='bbox 338 1217 422 1260; x_wconf 84' lang='lat' dir='ltr'>dixi</span> <span class='ocrx_word' id='word_1_141' title='bbox 456 1215 569 1258; x_wconf 87' lang='lat' dir='ltr'>Diss.</span> <span class='ocrx_word' id='word_1_142' title='bbox 594 1214 624 1257; x_wconf 95' lang='grc' dir='ltr'>Ι.</span> <span class='ocrx_word' id='word_1_143' title='bbox 656 1216 691 1270; x_wconf 62' lang='grc' dir='ltr'>ξ.</span> <span class='ocrx_word' id='word_1_144' title='bbox 721 1216 760 1259; x_wconf 81' lang='grc'>8.</span> <span class='ocrx_word' id='word_1_145' title='bbox 790 1240 841 1246; x_wconf 96' lang='grc'>-</span> <span class='ocrx_word' id='word_1_146' title='bbox 874 1218 913 1258; x_wconf 90' lang='grc' dir='ltr'><strong>Α</strong></span> <span class='ocrx_word' id='word_1_147' title='bbox 938 1217 1078 1259; x_wconf 88' lang='lat' dir='ltr'>verbis</span> <span class='ocrx_word' id='word_1_148' title='bbox 1107 1217 1255 1260; x_wconf 85' lang='lat' dir='ltr'>tertiae</span> <span class='ocrx_word' id='word_1_149' title='bbox 1286 1216 1578 1261; x_wconf 80' lang='lat' dir='ltr'>declinationis</span> <span class='ocrx_word' id='word_1_150' title='bbox 1607 1214 1703 1271; x_wconf 49' lang='lat' dir='ltr'>Heni</span> 
     </span>
     <span class='ocr_line' id='line_1_26' title="bbox 217 1282 1705 1363; baseline -0.002 -35"><span class='ocrx_word' id='word_1_151' title='bbox 217 1284 416 1328; x_wconf 89' lang='lat' dir='ltr'>rodianus</span> <span class='ocrx_word' id='word_1_152' title='bbox 444 1297 491 1325; x_wconf 82' lang='grc' dir='ltr'>π.</span> <span class='ocrx_word' id='word_1_153' title='bbox 522 1285 640 1326; x_wconf 79' lang='grc' dir='ltr'>Μον.</span> <span class='ocrx_word' id='word_1_154' title='bbox 674 1296 712 1338; x_wconf 93' lang='lat' dir='ltr'>p</span> <span class='ocrx_word' id='word_1_155' title='bbox 741 1283 808 1325; x_wconf 84' lang='lat'>23.</span> <span class='ocrx_word' id='word_1_156' title='bbox 850 1282 989 1326; x_wconf 91' lang='lat' dir='ltr'>docuit</span> <span class='ocrx_word' id='word_1_157' title='bbox 1017 1295 1141 1325; x_wconf 89' lang='lat' dir='ltr'>unum</span> <span class='ocrx_word' id='word_1_158' title='bbox 1171 1296 1267 1326; x_wconf 89' lang='lat' dir='ltr'>esse</span> <span class='ocrx_word' id='word_1_159' title='bbox 1298 1282 1480 1336; x_wconf 80' lang='grc' dir='ltr'><strong><em>διδωμι,</em></strong></span> <span class='ocrx_word' id='word_1_160' title='bbox 1519 1283 1705 1363; x_wconf 41' lang='lat' dir='ltr'>ipseque}¹</span> 
     </span>
     <span class='ocr_line' id='line_1_27' title="bbox 218 1346 1699 1406; baseline -0.002 -13"><span class='ocrx_word' id='word_1_161' title='bbox 218 1349 536 1394; x_wconf 90' lang='lat' dir='ltr'>Choeroboscus</span> <span class='ocrx_word' id='word_1_162' title='bbox 567 1348 702 1391; x_wconf 87' lang='lat' dir='ltr'>Cram.</span> <span class='ocrx_word' id='word_1_163' title='bbox 719 1348 786 1390; x_wconf 92' lang='lat' dir='ltr'>IV.</span> <span class='ocrx_word' id='word_1_164' title='bbox 810 1348 904 1391; x_wconf 82' lang='lat'>342</span> <span class='ocrx_word' id='word_1_165' title='bbox 936 1362 1020 1392; x_wconf 93' lang='lat' dir='ltr'>non</span> <span class='ocrx_word' id='word_1_166' title='bbox 1048 1350 1256 1404; x_wconf 83' lang='lat' dir='ltr'>ignoravit</span> <span class='ocrx_word' id='word_1_167' title='bbox 1283 1346 1477 1404; x_wconf 76' lang='grc' dir='ltr'><strong><em>γίγνωμι,</em></strong></span> <span class='ocrx_word' id='word_1_168' title='bbox 1506 1347 1699 1406; x_wconf 53' lang='lat' dir='ltr'>vivpcoug</span> 
     </span>
     <span class='ocr_line' id='line_1_28' title="bbox 218 1414 1701 1472; baseline 0.001 -12"><span class='ocrx_word' id='word_1_169' title='bbox 218 1425 259 1460; x_wconf 92' lang='lat' dir='ltr'>et</span> <span class='ocrx_word' id='word_1_170' title='bbox 288 1424 429 1460; x_wconf 90' lang='lat' dir='ltr'>cetera</span> <span class='ocrx_word' id='word_1_171' title='bbox 455 1415 674 1459; x_wconf 86' lang='lat' dir='ltr'>verborum</span> <span class='ocrx_word' id='word_1_172' title='bbox 709 1415 1004 1458; x_wconf 84' lang='lat' dir='ltr'>defectrvorum</span> <span class='ocrx_word' id='word_1_173' title='bbox 1026 1415 1325 1472; x_wconf 89' lang='lat' dir='ltr'>complementa</span> <span class='ocrx_word' id='word_1_174' title='bbox 1354 1414 1407 1462; x_wconf 82' lang='lat' dir='ltr'>ab</span> <span class='ocrx_word' id='word_1_175' title='bbox 1428 1414 1701 1472; x_wconf 73' lang='lat' dir='ltr'>Artigraphis</span> 
     </span>
     <span class='ocr_line' id='line_1_29' title="bbox 215 1477 1707 1538; baseline -0.001 -11"><span class='ocrx_word' id='word_1_176' title='bbox 215 1483 449 1527; x_wconf 88' lang='lat' dir='ltr'>introducta</span> <span class='ocrx_word' id='word_1_177' title='bbox 479 1495 588 1525; x_wconf 90' lang='lat' dir='ltr'>esse.</span> <span class='ocrx_word' id='word_1_178' title='bbox 645 1480 757 1524; x_wconf 89' lang='lat' dir='ltr'>Idem</span> <span class='ocrx_word' id='word_1_179' title='bbox 787 1477 1098 1525; x_wconf 89' lang='lat' dir='ltr'>Herodianus</span> <span class='ocrx_word' id='word_1_180' title='bbox 1081 1498 1167 1536; x_wconf 87' lang='grc' dir='ltr'><strong><em>ιμι,</em></strong></span> <span class='ocrx_word' id='word_1_181' title='bbox 1206 1481 1316 1538; x_wconf 88' lang='lat' dir='ltr'>quod</span> <span class='ocrx_word' id='word_1_182' title='bbox 1343 1481 1591 1538; x_wconf 89' lang='lat' dir='ltr'>Apollonius</span> <span class='ocrx_word' id='word_1_183' title='bbox 1622 1494 1707 1527; x_wconf 50' lang='lat' dir='ltr'>asa-02</span> 
     </span>
     <span class='ocr_line' id='line_1_30' title="bbox 218 1545 1698 1605; baseline -0.001 -11"><span class='ocrx_word' id='word_1_184' title='bbox 218 1552 365 1594; x_wconf 89' lang='lat' dir='ltr'>sumsit</span> <span class='ocrx_word' id='word_1_185' title='bbox 395 1554 561 1605; x_wconf 88' lang='lat' dir='ltr'>propter</span> <span class='ocrx_word' id='word_1_186' title='bbox 589 1545 704 1603; x_wconf 77' lang='grc' dir='ltr'><em>ἴτην,</em></span> <span class='ocrx_word' id='word_1_187' title='bbox 726 1545 836 1601; x_wconf 82' lang='grc' dir='ltr'><strong><em>ι’μεν,</em></strong></span> <span class='ocrx_word' id='word_1_188' title='bbox 866 1545 968 1598; x_wconf 82' lang='grc' dir='ltr'><strong><em>ι’ναι,</em></strong></span> <span class='ocrx_word' id='word_1_189' title='bbox 999 1550 1178 1604; x_wconf 85' lang='lat' dir='ltr'>ingenue</span> <span class='ocrx_word' id='word_1_190' title='bbox 1204 1547 1436 1605; x_wconf 85' lang='lat' dir='ltr'>repudiavit</span> <span class='ocrx_word' id='word_1_191' title='bbox 1449 1555 1698 1604; x_wconf 35' lang='lat' dir='ltr'>argumenti</span> 
     </span>
     <span class='ocr_line' id='line_1_31' title="bbox 215 1614 1707 1696; baseline -0.002 -36"><span class='ocrx_word' id='word_1_192' title='bbox 215 1617 329 1660; x_wconf 88' lang='lat' dir='ltr'>haud</span> <span class='ocrx_word' id='word_1_193' title='bbox 358 1615 544 1658; x_wconf 86' lang='lat' dir='ltr'>invalido</span> <span class='ocrx_word' id='word_1_194' title='bbox 525 1614 684 1679; x_wconf 42' lang='lat' dir='ltr'>*quod</span> <span class='ocrx_word' id='word_1_195' title='bbox 713 1614 865 1666; x_wconf 88' lang='lat' dir='ltr'>verba,</span> <span class='ocrx_word' id='word_1_196' title='bbox 909 1628 1014 1671; x_wconf 87' lang='lat' dir='ltr'>quae</span> <span class='ocrx_word' id='word_1_197' title='bbox 1047 1616 1268 1671; x_wconf 84' lang='lat' dir='ltr'>ancipitem</span> <span class='ocrx_word' id='word_1_198' title='bbox 1299 1616 1343 1657; x_wconf 91' lang='lat' dir='ltr'>in</span> <span class='ocrx_word' id='word_1_199' title='bbox 1370 1615 1496 1696; x_wconf 80' lang='lat' dir='ltr'>stirpe</span> <span class='ocrx_word' id='word_1_200' title='bbox 1525 1614 1707 1666; x_wconf 43' lang='lat' dir='ltr'>habenta?</span> 
     </span>
     <span class='ocr_line' id='line_1_32' title="bbox 216 1668 1707 1742; baseline 0 -14"><span class='ocrx_word' id='word_1_201' title='bbox 216 1698 423 1742; x_wconf 82' lang='lat' dir='ltr'>nunquam</span> <span class='ocrx_word' id='word_1_202' title='bbox 452 1686 496 1726; x_wconf 91' lang='lat' dir='ltr'>in</span> <span class='ocrx_word' id='word_1_203' title='bbox 526 1701 578 1736; x_wconf 88' lang='grc' dir='ltr'>μι</span> <span class='ocrx_word' id='word_1_204' title='bbox 606 1683 892 1735; x_wconf 81' lang='lat' dir='ltr'>traducuntur3</span> <span class='ocrx_word' id='word_1_205' title='bbox 932 1697 1029 1727; x_wconf 89' lang='lat' dir='ltr'>nam</span> <span class='ocrx_word' id='word_1_206' title='bbox 1057 1684 1279 1740; x_wconf 80' lang='grc' dir='ltr'><strong><em>Πινυμένη</em></strong></span> <span class='ocrx_word' id='word_1_207' title='bbox 1314 1682 1468 1741; x_wconf 78' lang='grc' dir='ltr'><strong><em>συνετή</em></strong></span> <span class='ocrx_word' id='word_1_208' title='bbox 1498 1683 1597 1728; x_wconf 89' lang='lat' dir='ltr'>Hes.</span> <span class='ocrx_word' id='word_1_209' title='bbox 1626 1668 1707 1731; x_wconf 49' lang='grc' dir='ltr'>11ιῖἸ</span> 
     </span>
     <span class='ocr_line' id='line_1_33' title="bbox 218 1748 1698 1809; baseline -0.001 -14"><span class='ocrx_word' id='word_1_210' title='bbox 218 1753 398 1795; x_wconf 87' lang='lat' dir='ltr'>dicativo</span> <span class='ocrx_word' id='word_1_211' title='bbox 418 1751 652 1793; x_wconf 87' lang='lat' dir='ltr'>destitutum</span> <span class='ocrx_word' id='word_1_212' title='bbox 677 1757 752 1800; x_wconf 86' lang='lat' dir='ltr'>est,</span> <span class='ocrx_word' id='word_1_213' title='bbox 785 1748 912 1807; x_wconf 74' lang='grc' dir='ltr'><em>ἔρυτο</em></span> <span class='ocrx_word' id='word_1_214' title='bbox 927 1750 1102 1794; x_wconf 91' lang='lat' dir='ltr'>Hesiodi</span> <span class='ocrx_word' id='word_1_215' title='bbox 1130 1753 1351 1809; x_wconf 86' lang='lat' dir='ltr'>praesenti.</span> <span class='ocrx_word' id='word_1_216' title='bbox 1394 1750 1537 1807; x_wconf 84' lang='lat' dir='ltr'>Itaque</span> <span class='ocrx_word' id='word_1_217' title='bbox 1565 1753 1679 1794; x_wconf 90' lang='lat' dir='ltr'>etia</span> <span class='ocrx_word' id='word_1_218' title='bbox 1696 1757 1698 1760; x_wconf 81' lang='grc'><strong>“</strong></span> 
     </span>
     <span class='ocr_line' id='line_1_34' title="bbox 219 1795 1712 1874; baseline 0 -12"><span class='ocrx_word' id='word_1_219' title='bbox 219 1819 272 1862; x_wconf 88' lang='lat' dir='ltr'>ab</span> <span class='ocrx_word' id='word_1_220' title='bbox 302 1817 356 1861; x_wconf 76' lang='grc' dir='ltr'>ἵω</span> <span class='ocrx_word' id='word_1_221' title='bbox 397 1819 511 1861; x_wconf 87' lang='lat' dir='ltr'>mitto</span> <span class='ocrx_word' id='word_1_222' title='bbox 539 1830 623 1860; x_wconf 91' lang='lat' dir='ltr'>non</span> <span class='ocrx_word' id='word_1_223' title='bbox 658 1819 786 1873; x_wconf 91' lang='lat' dir='ltr'>potuit</span> <span class='ocrx_word' id='word_1_224' title='bbox 823 1817 1004 1860; x_wconf 87' lang='lat' dir='ltr'>derivari</span> <span class='ocrx_word' id='word_1_225' title='bbox 1043 1812 1133 1871; x_wconf 84' lang='grc' dir='ltr'><strong><em>ἷμι,</em></strong></span> <span class='ocrx_word' id='word_1_226' title='bbox 1182 1818 1258 1861; x_wconf 88' lang='lat' dir='ltr'>sed</span> <span class='ocrx_word' id='word_1_227' title='bbox 1294 1795 1712 1874; x_wconf 55' lang='grc' dir='ltr'>ᾱθνοηίοηῐῆοριιιέ</span> 
     </span>
     <span class='ocr_line' id='line_1_35' title="bbox 216 1882 1701 1941; baseline -0.003 -13"><span class='ocrx_word' id='word_1_228' title='bbox 216 1886 303 1935; x_wconf 87' lang='lat' dir='ltr'>fuit,</span> <span class='ocrx_word' id='word_1_229' title='bbox 336 1884 444 1941; x_wconf 92' lang='lat' dir='ltr'>quod</span> <span class='ocrx_word' id='word_1_230' title='bbox 472 1883 661 1940; x_wconf 87' lang='lat' dir='ltr'>praebuit</span> <span class='ocrx_word' id='word_1_231' title='bbox 687 1897 945 1939; x_wconf 83' lang='lat' dir='ltr'>paragogum</span> <span class='ocrx_word' id='word_1_232' title='bbox 975 1882 1065 1928; x_wconf 77' lang='grc' dir='ltr'>ἶέω.</span> <span class='ocrx_word' id='word_1_233' title='bbox 1694 1899 1701 1909; x_wconf 83' lang='lat'><em>-</em></span> 
     </span>
    </p>

    <p class='ocr_par' dir='ltr' id='par_1_4' title="bbox 214 1959 1719 2674">
     <span class='ocr_line' id='line_1_36' title="bbox 330 1959 1707 2024; baseline 0.001 -21"><span class='ocrx_word' id='word_1_234' title='bbox 330 1962 365 2015; x_wconf 56' lang='grc' dir='ltr'>ᾗ.</span> <span class='ocrx_word' id='word_1_235' title='bbox 395 1963 435 2002; x_wconf 88' lang='grc'>2.</span> <span class='ocrx_word' id='word_1_236' title='bbox 494 1959 568 2002; x_wconf 94' lang='lat' dir='ltr'>Sic</span> <span class='ocrx_word' id='word_1_237' title='bbox 597 1961 687 2022; x_wconf 79' lang='lat' dir='ltr'>ipso</span> <span class='ocrx_word' id='word_1_238' title='bbox 709 1962 769 2002; x_wconf 88' lang='lat' dir='ltr'>rei</span> <span class='ocrx_word' id='word_1_239' title='bbox 768 1961 922 2024; x_wconf 45' lang='lat' dir='ltr'>*ductu</span> <span class='ocrx_word' id='word_1_240' title='bbox 950 1963 1210 2017; x_wconf 88' lang='lat' dir='ltr'>pervenimus</span> <span class='ocrx_word' id='word_1_241' title='bbox 1238 1961 1292 2004; x_wconf 88' lang='lat' dir='ltr'>ad</span> <span class='ocrx_word' id='word_1_242' title='bbox 1315 1961 1488 2005; x_wconf 85' lang='lat' dir='ltr'>alteram</span> <span class='ocrx_word' id='word_1_243' title='bbox 1508 1961 1707 2022; x_wconf 40' lang='lat' dir='ltr'>classem&amp;</span> 
     </span>
     <span class='ocr_line' id='line_1_37' title="bbox 217 2021 1709 2087; baseline 0.001 -14"><span class='ocrx_word' id='word_1_244' title='bbox 217 2043 324 2087; x_wconf 89' lang='lat' dir='ltr'>quae</span> <span class='ocrx_word' id='word_1_245' title='bbox 359 2042 410 2071; x_wconf 82' lang='lat' dir='ltr'>ex</span> <span class='ocrx_word' id='word_1_246' title='bbox 438 2029 666 2084; x_wconf 82' lang='lat' dir='ltr'>paragogis</span> <span class='ocrx_word' id='word_1_247' title='bbox 695 2030 738 2070; x_wconf 92' lang='lat' dir='ltr'>in</span> <span class='ocrx_word' id='word_1_248' title='bbox 767 2045 825 2071; x_wconf 85' lang='grc' dir='ltr'>εω</span> <span class='ocrx_word' id='word_1_249' title='bbox 856 2037 895 2072; x_wconf 89' lang='lat' dir='ltr'>et</span> <span class='ocrx_word' id='word_1_250' title='bbox 928 2021 995 2072; x_wconf 53' lang='grc' dir='ltr'><strong><em>ἦ</em></strong></span> <span class='ocrx_word' id='word_1_251' title='bbox 1024 2033 1221 2074; x_wconf 89' lang='lat' dir='ltr'>nascitur.</span> <span class='ocrx_word' id='word_1_252' title='bbox 1278 2029 1464 2074; x_wconf 88' lang='lat' dir='ltr'>Lexicon</span> <span class='ocrx_word' id='word_1_253' title='bbox 1496 2030 1547 2073; x_wconf 90' lang='lat' dir='ltr'>de</span> <span class='ocrx_word' id='word_1_254' title='bbox 1579 2029 1709 2087; x_wconf 54' lang='lat' dir='ltr'>Spin-‘15</span> 
     </span>
     <span class='ocr_line' id='line_1_38' title="bbox 214 2089 1716 2154; baseline 0 -14"><span class='ocrx_word' id='word_1_255' title='bbox 214 2096 310 2140; x_wconf 84' lang='lat'>204.</span> <span class='ocrx_word' id='word_1_256' title='bbox 342 2094 417 2140; x_wconf 77' lang='grc' dir='ltr'>ἶέω</span> <span class='ocrx_word' id='word_1_257' title='bbox 448 2094 613 2148; x_wconf 80' lang='grc' dir='ltr'><em>πέμπω</em></span> <span class='ocrx_word' id='word_1_258' title='bbox 646 2090 728 2152; x_wconf 75' lang='grc' dir='ltr'>ἀφ’</span> <span class='ocrx_word' id='word_1_259' title='bbox 763 2089 815 2138; x_wconf 78' lang='grc' dir='ltr'>οὗ</span> <span class='ocrx_word' id='word_1_260' title='bbox 841 2094 950 2154; x_wconf 76' lang='grc' dir='ltr'>ἳήμι.</span> <span class='ocrx_word' id='word_1_261' title='bbox 1011 2096 1153 2140; x_wconf 85' lang='lat' dir='ltr'>Schol.</span> <span class='ocrx_word' id='word_1_262' title='bbox 1188 2095 1236 2140; x_wconf 89' lang='lat' dir='ltr'>Il.</span> <span class='ocrx_word' id='word_1_263' title='bbox 1253 2095 1345 2139; x_wconf 83' lang='lat' dir='ltr'>XII.</span> <span class='ocrx_word' id='word_1_264' title='bbox 1362 2096 1430 2139; x_wconf 88' lang='lat'>70.</span> <span class='ocrx_word' id='word_1_265' title='bbox 1466 2095 1564 2141; x_wconf 80' lang='grc' dir='ltr'><strong><em>δέον</em></strong></span> <span class='ocrx_word' id='word_1_266' title='bbox 1595 2095 1716 2140; x_wconf 74' lang='grc' dir='ltr'>ε’στὶ”’</span> 
     </span>
     <span class='ocr_line' id='line_1_39' title="bbox 216 2158 1703 2220; baseline -0.001 -14"><span class='ocrx_word' id='word_1_267' title='bbox 216 2163 264 2206; x_wconf 85' lang='grc' dir='ltr'>τὸ</span> <span class='ocrx_word' id='word_1_268' title='bbox 302 2161 382 2207; x_wconf 77' lang='grc' dir='ltr'>ὀίω</span> <span class='ocrx_word' id='word_1_269' title='bbox 416 2158 658 2216; x_wconf 80' lang='grc' dir='ltr'><strong><em>βαρύτονον</em></strong></span> <span class='ocrx_word' id='word_1_270' title='bbox 687 2160 803 2204; x_wconf 83' lang='grc' dir='ltr'><em>πολὺ</em></span> <span class='ocrx_word' id='word_1_271' title='bbox 832 2160 1051 2220; x_wconf 78' lang='grc' dir='ltr'><strong><em>πρότερον</em></strong></span> <span class='ocrx_word' id='word_1_272' title='bbox 1079 2165 1397 2220; x_wconf 76' lang='grc' dir='ltr'><strong><em>περισπᾶσθαι</em></strong></span> <span class='ocrx_word' id='word_1_273' title='bbox 1423 2161 1496 2206; x_wconf 73' lang='grc' dir='ltr'>ἵνα</span> <span class='ocrx_word' id='word_1_274' title='bbox 1525 2160 1703 2206; x_wconf 81' lang='grc' dir='ltr'><strong><em>ἄποτε-··</em></strong></span> 
     </span>
     <span class='ocr_line' id='line_1_40' title="bbox 215 2221 1707 2287; baseline -0.001 -15"><span class='ocrx_word' id='word_1_275' title='bbox 215 2230 322 2287; x_wconf 80' lang='grc' dir='ltr'><strong><em>λέσῃ</em></strong></span> <span class='ocrx_word' id='word_1_276' title='bbox 349 2227 399 2271; x_wconf 82' lang='grc' dir='ltr'>τὸ</span> <span class='ocrx_word' id='word_1_277' title='bbox 436 2225 573 2282; x_wconf 83' lang='grc' dir='ltr'><strong><em>ὄίημι,</em></strong></span> <span class='ocrx_word' id='word_1_278' title='bbox 604 2226 654 2278; x_wconf 76' lang='grc' dir='ltr'>ἐξ</span> <span class='ocrx_word' id='word_1_279' title='bbox 680 2221 732 2271; x_wconf 73' lang='grc' dir='ltr'>οὗ</span> <span class='ocrx_word' id='word_1_280' title='bbox 763 2227 811 2270; x_wconf 86' lang='grc' dir='ltr'>τὸ</span> <span class='ocrx_word' id='word_1_281' title='bbox 850 2228 1045 2272; x_wconf 75' lang='grc' dir='ltr'><strong><em>ἐνδίεσαν</em></strong></span> <span class='ocrx_word' id='word_1_282' title='bbox 1075 2228 1148 2272; x_wconf 75' lang='grc' dir='ltr'>καὶ</span> <span class='ocrx_word' id='word_1_283' title='bbox 1178 2228 1356 2273; x_wconf 81' lang='grc' dir='ltr'>δίενται.</span> <span class='ocrx_word' id='word_1_284' title='bbox 1413 2228 1707 2281; x_wconf 47' lang='lat' dir='ltr'>Quemadmo-aev</span> 
     </span>
     <span class='ocr_line' id='line_1_41' title="bbox 217 2291 1713 2353; baseline 0.001 -15"><span class='ocrx_word' id='word_1_285' title='bbox 217 2296 312 2338; x_wconf 89' lang='lat' dir='ltr'>dum</span> <span class='ocrx_word' id='word_1_286' title='bbox 339 2295 465 2350; x_wconf 82' lang='lat' dir='ltr'>igitur</span> <span class='ocrx_word' id='word_1_287' title='bbox 493 2297 536 2336; x_wconf 89' lang='lat' dir='ltr'>in</span> <span class='ocrx_word' id='word_1_288' title='bbox 565 2295 695 2350; x_wconf 89' lang='lat' dir='ltr'>primo</span> <span class='ocrx_word' id='word_1_289' title='bbox 724 2307 878 2349; x_wconf 82' lang='lat' dir='ltr'>genere</span> <span class='ocrx_word' id='word_1_290' title='bbox 909 2295 1027 2338; x_wconf 87' lang='lat' dir='ltr'>verbi</span> <span class='ocrx_word' id='word_1_291' title='bbox 1056 2295 1249 2352; x_wconf 84' lang='lat' dir='ltr'>barytoni</span> <span class='ocrx_word' id='word_1_292' title='bbox 1277 2295 1439 2339; x_wconf 88' lang='lat' dir='ltr'>vocalis</span> <span class='ocrx_word' id='word_1_293' title='bbox 1466 2291 1713 2353; x_wconf 68' lang='lat' dir='ltr'>thematica</span> 
     </span>
     <span class='ocr_line' id='line_1_42' title="bbox 216 2359 1714 2420; baseline -0.001 -13"><span class='ocrx_word' id='word_1_294' title='bbox 216 2378 308 2407; x_wconf 90' lang='lat' dir='ltr'>cum</span> <span class='ocrx_word' id='word_1_295' title='bbox 338 2376 392 2406; x_wconf 89' lang='lat' dir='ltr'>ea</span> <span class='ocrx_word' id='word_1_296' title='bbox 420 2375 526 2419; x_wconf 84' lang='lat' dir='ltr'>quae</span> <span class='ocrx_word' id='word_1_297' title='bbox 554 2365 883 2407; x_wconf 88' lang='lat' dir='ltr'>terminationem</span> <span class='ocrx_word' id='word_1_298' title='bbox 914 2378 1068 2407; x_wconf 89' lang='lat' dir='ltr'>meram</span> <span class='ocrx_word' id='word_1_299' title='bbox 1088 2371 1127 2407; x_wconf 90' lang='lat' dir='ltr'>et</span> <span class='ocrx_word' id='word_1_300' title='bbox 1156 2364 1384 2420; x_wconf 87' lang='lat' dir='ltr'>simplicem</span> <span class='ocrx_word' id='word_1_301' title='bbox 1413 2380 1487 2418; x_wconf 85' lang='grc' dir='ltr'>εμι</span> <span class='ocrx_word' id='word_1_302' title='bbox 1515 2381 1592 2419; x_wconf 89' lang='grc' dir='ltr'>ομι</span> <span class='ocrx_word' id='word_1_303' title='bbox 1621 2359 1714 2419; x_wconf 54' lang='lat'>012²}</span> 
     </span>
     <span class='ocr_line' id='line_1_43' title="bbox 217 2419 1719 2490; baseline 0 -17"><span class='ocrx_word' id='word_1_304' title='bbox 217 2431 337 2481; x_wconf 90' lang='lat' dir='ltr'>ditur,</span> <span class='ocrx_word' id='word_1_305' title='bbox 368 2431 411 2472; x_wconf 91' lang='lat' dir='ltr'>in</span> <span class='ocrx_word' id='word_1_306' title='bbox 441 2419 813 2487; x_wconf 78' lang='lat' dir='ltr'>monophthongum</span> <span class='ocrx_word' id='word_1_307' title='bbox 839 2433 1011 2487; x_wconf 78' lang='lat' dir='ltr'>cogitur,</span> <span class='ocrx_word' id='word_1_308' title='bbox 1041 2432 1102 2474; x_wconf 92' lang='lat' dir='ltr'>sic</span> <span class='ocrx_word' id='word_1_309' title='bbox 1128 2432 1171 2472; x_wconf 89' lang='lat' dir='ltr'>in</span> <span class='ocrx_word' id='word_1_310' title='bbox 1199 2431 1278 2474; x_wconf 90' lang='lat' dir='ltr'>hoc</span> <span class='ocrx_word' id='word_1_311' title='bbox 1308 2429 1434 2487; x_wconf 88' lang='lat' dir='ltr'>alpha</span> <span class='ocrx_word' id='word_1_312' title='bbox 1461 2437 1500 2473; x_wconf 89' lang='lat' dir='ltr'>et</span> <span class='ocrx_word' id='word_1_313' title='bbox 1524 2428 1719 2490; x_wconf 64' lang='lat' dir='ltr'>epsilont⁴</span> 
     </span>
     <span class='ocr_line' id='line_1_44' title="bbox 216 2491 1716 2558; baseline 0.001 -18"><span class='ocrx_word' id='word_1_314' title='bbox 216 2498 527 2554; x_wconf 82' lang='lat' dir='ltr'>paragogicum.</span> <span class='ocrx_word' id='word_1_315' title='bbox 587 2495 673 2539; x_wconf 88' lang='lat' dir='ltr'>Sed</span> <span class='ocrx_word' id='word_1_316' title='bbox 705 2497 808 2541; x_wconf 56' lang='lat' dir='ltr'>dtas-m</span> <span class='ocrx_word' id='word_1_317' title='bbox 839 2504 975 2541; x_wconf 91' lang='lat' dir='ltr'>tamen</span> <span class='ocrx_word' id='word_1_318' title='bbox 1003 2511 1086 2541; x_wconf 90' lang='lat' dir='ltr'>non</span> <span class='ocrx_word' id='word_1_319' title='bbox 1115 2499 1318 2554; x_wconf 85' lang='lat' dir='ltr'>reperitur</span> <span class='ocrx_word' id='word_1_320' title='bbox 1343 2504 1383 2540; x_wconf 87' lang='lat' dir='ltr'>et</span> <span class='ocrx_word' id='word_1_321' title='bbox 1409 2499 1574 2540; x_wconf 91' lang='lat' dir='ltr'>omnino</span> <span class='ocrx_word' id='word_1_322' title='bbox 1606 2491 1716 2558; x_wconf 60' lang='lat' dir='ltr'>duolg</span> 
     </span>
     <span class='ocr_line' id='line_1_45' title="bbox 218 2560 1717 2642; baseline 0 -36"><span class='ocrx_word' id='word_1_323' title='bbox 218 2564 340 2607; x_wconf 87' lang='lat' dir='ltr'>modo</span> <span class='ocrx_word' id='word_1_324' title='bbox 371 2570 464 2606; x_wconf 88' lang='lat' dir='ltr'>sunt</span> <span class='ocrx_word' id='word_1_325' title='bbox 492 2576 661 2619; x_wconf 86' lang='lat' dir='ltr'>quorum</span> <span class='ocrx_word' id='word_1_326' title='bbox 690 2564 839 2620; x_wconf 84' lang='lat' dir='ltr'>triplex</span> <span class='ocrx_word' id='word_1_327' title='bbox 873 2566 1036 2622; x_wconf 87' lang='lat' dir='ltr'>species</span> <span class='ocrx_word' id='word_1_328' title='bbox 1066 2563 1341 2607; x_wconf 88' lang='lat' dir='ltr'>demonstrari</span> <span class='ocrx_word' id='word_1_329' title='bbox 1374 2565 1526 2621; x_wconf 85' lang='lat' dir='ltr'>possit,</span> <span class='ocrx_word' id='word_1_330' title='bbox 1565 2560 1717 2642; x_wconf 63' lang='lat' dir='ltr'>unumt}</span> 
     </span>
     <span class='ocr_line' id='line_1_46' title="bbox 1118 2631 1717 2690; baseline 0.005 -20"><span class='ocrx_word' id='word_1_331' title='bbox 1118 2634 1121 2638; x_wconf 82' lang='lat'>&#39;</span> <span class='ocrx_word' id='word_1_332' title='bbox 1687 2631 1717 2690; x_wconf 49' lang='grc' dir='ltr'>ἐξ</span> 
     </span>
    </p>
   </div>
   <div class='ocr_carea' id='block_1_4' title="bbox 309 2698 1714 2745">
    <p class='ocr_par' dir='ltr' id='par_1_5' title="bbox 309 2684 1717 2746">
     <span class='ocr_line' id='line_1_47' title="bbox 309 2698 1714 2745; baseline 0.001 -12.001"><span class='ocrx_word' id='word_1_333' title='bbox 309 2699 347 2742; x_wconf 83' lang='grc'>2)</span> <span class='ocrx_word' id='word_1_334' title='bbox 382 2699 462 2734; x_wconf 88' lang='lat' dir='ltr'>Hoc</span> <span class='ocrx_word' id='word_1_335' title='bbox 496 2700 641 2735; x_wconf 87' lang='lat' dir='ltr'>retinuit</span> <span class='ocrx_word' id='word_1_336' title='bbox 666 2698 878 2735; x_wconf 84' lang='lat' dir='ltr'>Dindorfius</span> <span class='ocrx_word' id='word_1_337' title='bbox 910 2701 946 2734; x_wconf 86' lang='lat' dir='ltr'>in</span> <span class='ocrx_word' id='word_1_338' title='bbox 980 2700 1062 2734; x_wconf 89' lang='lat' dir='ltr'>loco</span> <span class='ocrx_word' id='word_1_339' title='bbox 1093 2700 1174 2745; x_wconf 85' lang='lat' dir='ltr'>ipso</span> <span class='ocrx_word' id='word_1_340' title='bbox 1205 2699 1271 2735; x_wconf 89' lang='lat' dir='ltr'>sed</span> <span class='ocrx_word' id='word_1_341' title='bbox 1299 2699 1336 2735; x_wconf 84' lang='lat' dir='ltr'>in</span> <span class='ocrx_word' id='word_1_342' title='bbox 1358 2699 1492 2735; x_wconf 84' lang='lat' dir='ltr'>Gomm.</span> <span class='ocrx_word' id='word_1_343' title='bbox 1523 2698 1569 2734; x_wconf 84' lang='lat' dir='ltr'>de</span> <span class='ocrx_word' id='word_1_344' title='bbox 1588 2698 1714 2742; x_wconf 50' lang='lat' dir='ltr'>Diana,</span> 
     </span>
    </p>
   </div>
   <div class='ocr_carea' id='block_1_5' title="bbox 215 2732 1718 2861">
    <p class='ocr_par' dir='ltr' id='par_1_6' title="bbox 215 2732 1718 2855">
     <span class='ocr_line' id='line_1_48' title="bbox 216 2732 1718 2827; baseline 0.001 -39"><span class='ocrx_word' id='word_1_345' title='bbox 216 2755 352 2790; x_wconf 83' lang='lat' dir='ltr'>Herod.</span> <span class='ocrx_word' id='word_1_346' title='bbox 382 2767 416 2800; x_wconf 91' lang='lat' dir='ltr'>p.</span> <span class='ocrx_word' id='word_1_347' title='bbox 441 2755 556 2794; x_wconf 86' lang='lat' dir='ltr'><strong>XLII</strong></span> <span class='ocrx_word' id='word_1_348' title='bbox 583 2767 676 2802; x_wconf 80' lang='lat' dir='ltr'>quae</span> <span class='ocrx_word' id='word_1_349' title='bbox 700 2757 925 2792; x_wconf 87' lang='lat' dir='ltr'>commodum</span> <span class='ocrx_word' id='word_1_350' title='bbox 948 2755 1118 2800; x_wconf 79' lang='lat' dir='ltr'>affertur,</span> <span class='ocrx_word' id='word_1_351' title='bbox 1144 2756 1263 2791; x_wconf 88' lang='lat' dir='ltr'>omnia</span> <span class='ocrx_word' id='word_1_352' title='bbox 1287 2756 1333 2791; x_wconf 79' lang='lat' dir='ltr'>ad</span> <span class='ocrx_word' id='word_1_353' title='bbox 1351 2767 1458 2792; x_wconf 86' lang='lat' dir='ltr'>unum</span> <span class='ocrx_word' id='word_1_354' title='bbox 1481 2732 1718 2827; x_wconf 33' lang='lat' dir='ltr'>exemplum&amp;</span> 
     </span>
     <span class='ocr_line' id='line_1_49' title="bbox 215 2810 1718 2861; baseline 0.006 -17"><span class='ocrx_word' id='word_1_355' title='bbox 215 2810 322 2844; x_wconf 87' lang='lat' dir='ltr'>scribi</span> <span class='ocrx_word' id='word_1_356' title='bbox 341 2810 458 2855; x_wconf 77' lang='lat' dir='ltr'>jubet.</span> <span class='ocrx_word' id='word_1_357' title='bbox 1684 2812 1718 2861; x_wconf 45' lang='grc' dir='ltr'>Ὑφ’»</span> 
     </span>
    </p>
   </div>
  </div>
 </body>
</html>
