1708 3126
675 603 823 648 CAP.
887 603 915 648 Ι.

489 718 582 764 Dc
633 717 852 767 verbis
897 717 1105 783 puris.

35 896 101 986 f..
149 924 454 970 emadmodum
479 927 642 984 pictura
680 941 706 971 a
735 926 1089 972 monochromatis
1125 942 1225 972 orsa
1258 934 1323 972 est
1353 929 1417 972 sic
1445 942 1540 972 ver-

88 1005 193 1037 rum
222 998 431 1036 structura
470 1005 498 1036 a
536 993 855 1050 monosyllabis,
914 993 1002 1038 Sed
1040 995 1186 1040 horum
1224 1009 1438 1054 perpauca
1475 997 1541 1039 in-

85 1065 305 1111 rarunt,
346 1072 520 1116 quorum
554 1061 748 1118 exempla
775 1060 888 1104 infra
923 1062 1156 1119 subjiciam.
1215 1062 1436 1120 Plerisque
1471 1070 1540 1107 aut

132 1192 242 1238 abac
271 1202 544 1239 accreverunt
577 1199 866 1254 paragogicae
902 1199 1052 1256 partim
1091 1197 1146 1240 ad
1176 1198 1416 1242 evitandam
1444 1199 1540 1242 soni

23 1279 36 1286 ·’
64 1261 111 1308 .··'
135 1261 273 1305 'tatem
313 1262 464 1317 partim
499 1269 542 1306 ut
582 1263 844 1309 dirimeretur
881 1264 1233 1322 significationum
1279 1265 1540 1310 diversarum
1609 1282 1613 1285 ·

47 1319 51 1323 ’
109 1349 113 1360 =
153 1340 240 1371 una
275 1340 380 1372 voce
410 1330 660 1386 conjunctio.
718 1332 782 1377 lta
811 1346 935 1390 quam
964 1345 1105 1375 rarum
1135 1339 1199 1377 est
1228 1334 1273 1376 in
1301 1332 1540 1377 nominibus

72 1414 74 1422 ¹
117 1394 291 1440 casibus
332 1395 517 1453 obliquis
558 1399 698 1443 nullus
739 1399 961 1444 antecedat
994 1401 1295 1452 nominativus,
1334 1406 1419 1444 tam
1456 1414 1542 1445 non

24 1500 42 1546 ,t
78 1492 80 1494 >
127 1480 131 1499 z
181 1468 277 1506 sunt
311 1461 443 1507 verba
479 1464 709 1519 defectiva3
755 1467 832 1511 sed
868 1467 1111 1525 plerumque
1155 1468 1366 1512 nescimus
1404 1474 1539 1511 utrum

94 1529 202 1573 'ac-n
241 1530 466 1587 positionis
499 1545 602 1577 usus
640 1536 801 1578 sensim
829 1536 1092 1578 intermissus
1123 1547 1178 1578 an
1209 1547 1419 1592 nunquam
1448 1541 1539 1579 ten-

16 1632 18 1635 .
44 1595 46 1599 ’
85 1619 88 1626 ⁴
114 1614 145 1633 ¹:
190 1595 337 1650 suerin
381 1599 475 1655 quis
503 1602 614 1644 enim
653 1609 792 1658 speret
823 1604 964 1645 omnia
994 1601 1048 1644 ad
1089 1614 1168 1644 nos
1202 1604 1445 1658 pervenisse
1474 1606 1539 1646 in-

30 1633 45 1713 ?
71 1666 193 1714 ριἀἳ
251 1661 341 1707 Sed
369 1677 455 1709 non
482 1669 618 1711 minus
651 1676 976 1712 consentaneum
1006 1675 1093 1719 est,
1124 1669 1179 1711 ad
1207 1668 1444 1724 fingendum
1474 1670 1539 1713 fu-

18 1714 75 1764 ›iv
162 1749 166 1767 ι
215 1736 288 1774 aut
322 1734 590 1788 praeteritum
630 1749 715 1779 non
754 1749 858 1793 opus
896 1735 1029 1778 fuisse
1069 1736 1282 1792 praesenti
1322 1735 1378 1779 ad
1418 1749 1538 1780 usum

22 1796 384 1858 „commodatm
414 1812 512 1843 nam
533 1803 639 1846 satis
667 1810 756 1846 erat
777 1803 814 1845 si
841 1802 963 1846 modo
983 1803 1149 1858 species
1179 1803 1269 1857 ejus
1290 1802 1539 1847 adumbrata

15 1859 89 1918 ²1¹
124 1865 267 1910 animo
305 1866 535 1921 resideret3
573 1869 719 1913 oblata
759 1882 860 1913 vero
899 1868 1043 1912 utendi
1083 1869 1338 1912 necessitate
1378 1883 1453 1927 pro
1484 1884 1538 1915 ea

18 1920 308 1997 ῂιὼειίῑιιῑαιιι
347 1946 444 1978 esse
485 1938 792 1994 expressiorem
826 1943 867 1981 et
904 1937 1215 1980 distinctiorem.
1283 1936 1365 1980 Illa
1398 1939 1538 1994 igitur,

20 1999 260 2067 >gumpolt
287 1999 482 2056 leguntur
509 2004 554 2046 in
586 2005 752 2062 scriptis
781 2010 968 2048 veterum
997 2003 1074 2046 sed
1101 2016 1128 2046 a
1149 2001 1377 2048 Technicis
1406 2007 1536 2050 ratio-

18 2116 35 2126 Μ
106 2085 110 2102 r
160 2066 389 2112 seminales
426 2071 697 2126 sequentibus
726 2070 952 2127 finguntur,
988 2069 1215 2114 thematica
1252 2085 1537 2130 nuncupamus

14 2136 86 2177 ft
118 2133 458 2190 paradigmatica
492 2143 536 2180 ut
577 2135 691 2188 δάω,
735 2138 843 2190 σέω,
887 2136 1001 2186 πίω,
1042 2133 1160 2191 χύω,
1201 2150 1229 2181 a
1264 2138 1414 2195 quibus
1452 2152 1537 2184 non

14 2199 180 2263 ¹'yolum
218 2206 407 2258 tempora
442 2202 637 2248 verbalia
675 2212 776 2248 nata
819 2211 914 2248 sunt
951 2203 1028 2247 sed
1062 2205 1188 2247 etiam
1218 2205 1350 2250 verba
1379 2208 1538 2252 usitata

21 2262 84 2327 {ket
112 2268 296 2312 nomina.
354 2266 406 2312 Et
442 2277 484 2313 ut
510 2273 720 2315 nominum
750 2271 1065 2315 thematicorum
1104 2270 1210 2315 duas
1241 2275 1407 2330 species
1437 2288 1535 2319 esse

13 2326 284 2402 inmittimus,
314 2347 437 2379 unam
469 2338 537 2381 cui
566 2340 794 2383 auctoritas
823 2338 943 2382 deest
978 2343 1021 2380 ut
1048 2334 1237 2389 Δωδών,
1274 2336 1426 2395 ὑσμίν,
1472 2343 1536 2386 al·

23 2406 176 2455 §aeram
215 2402 282 2446 cui
325 2404 434 2447 ratio
478 2409 520 2447 ut
557 2403 687 2456 κλάς,
730 2403 925 2463 Μόψοψ
963 2419 1003 2450 v.
1038 2405 1197 2450 Parall.
1231 2407 1327 2451 166.
1368 2422 1431 2466 sq.
1472 2410 1535 2453 sic

12 2469 170 2527 jonam
197 2467 332 2513 verba
368 2469 422 2513 ab
460 2483 537 2514 usu
573 2472 800 2515 amandata
827 2472 903 2515 sed
942 2475 1106 2517 usitatis
1134 2476 1256 2532 paria
1290 2480 1334 2518 et
1362 2475 1532 2527 similia,

16 2528 189 2615 {Qualia
225 2542 320 2579 sunt
345 2533 462 2591 χάω,
502 2535 648 2594 λάβω,
688 2539 965 2583 discernimus
1004 2540 1058 2584 ab
1096 2542 1150 2584 iis
1187 2554 1295 2599 quae
1332 2541 1438 2584 nihil
1469 2543 1534 2585 sui

12 2602 182 2649 ''mimile
200 2601 357 2648 habent
378 2609 421 2647 ut
450 2602 559 2656 ἅδω,
589 2603 723 2664 φίλω.
781 2604 862 2649 Illa
879 2605 1075 2652 obsoleta
1090 2607 1175 2651 dici
1201 2615 1397 2666 possunt3
1426 2607 1535 2653 haec

11 2652 218 2717 ’ssfinsolita
255 2676 296 2714 et
333 2672 522 2715 enormia
560 2679 666 2716 sunt.
724 2672 978 2717 Usitatorum
1016 2687 1118 2719 vero
1145 2681 1232 2718 tres
1269 2681 1536 2720 numerantur

15 2719 232 2816 {anecieffi
280 2750 367 2782 nna
403 2738 579 2796 simplex
622 2746 664 2783 et
700 2739 947 2797 principalis
982 2739 1110 2799 φάω,
1158 2740 1297 2786 altera
1334 2749 1534 2787 concreta

12 2803 210 2867 loquive»,
248 2805 373 2850 tertia
400 2818 622 2863 paragoga
650 2805 836 2865 φαείνω.

28 2871 35 2898 ÷
1196 2875 1250 2917 l*

71 1148 73 1155 ⁴
132 1127 311 1185 positae
339 1133 434 1170 sunt
462 1126 612 1173 literae
643 1128 875 1173 auxiliares
905 1135 975 1172 aut
1005 1131 1276 1188 interpositae
1313 1137 1385 1174 aut
1412 1132 1539 1174 etiam
1613 1156 1620 1159 -
