1728 3120
250 229 344 275 196
679 219 1150 277 DISSERTATIO
1197 221 1290 266 XII.

247 336 456 380 homerico
497 331 747 389 νηπιαχεύω
785 332 972 376 effictum.
1038 331 1256 390 Σηπεύειν
1292 332 1491 380 Manetho
1527 334 1594 380 lV.
1621 337 1689 380 26!

246 415 320 459 pro
347 398 479 456 σήπω
506 399 663 442 dixisse
689 399 861 442 videtur.
879 403 918 454 2)
955 397 1198 455 Ῥεμβεύειν
1228 402 1272 444 in
1287 399 1559 453 LXX..idem
1588 405 1699 459 signi

247 469 342 511 ficat
372 473 493 522 atque
529 465 792 523 ῥέμβεσθαι.
853 466 952 510 Alia
983 467 1218 510 nominibus
1248 468 1412 512 adnexa
1441 474 1534 512 sunt
1567 468 1699 519 verba.

246 534 379 584 libus,
421 546 447 575 a
477 530 641 583 σεπτός
669 529 882 575 Σεπτεύει
920 531 1098 588 σεβάζει
1126 533 1225 578 Hes.
1263 531 1460 593 κρυπτός
1488 533 1697 592 κρυπτεύι·

245 607 351 644 tecte
383 611 464 654 ago
505 600 592 643 sive
636 598 813 641 insidior
846 601 904 648 (ut
933 597 1126 643 σκοτεύω
1153 600 1291 654 latito)
1322 600 1529 644 diversum
1559 614 1587 645 a
1617 600 1695 657 κρύ

246 684 345 711 πτω
372 672 483 721 tego,
514 660 688 709 ὀπτεύω
709 664 760 707 ab
782 659 981 718 ὅπτομαι
1004 668 1202 709 incertum
1225 679 1279 709 an
1303 666 1355 710 ab
1379 661 1521 723 ι’)’πτης
1536 663 1700 724 (ὀπτήρ

246 742 289 777 ut
318 731 520 787 ἐπόπτης
554 728 804 774 ἐποπτεύω.
860 731 941 775 Pro
977 730 1188 790 Φεῤῥεύει
1230 730 1455 791 ἀποφέρει
1487 731 1692 788 Hesychia

247 801 428 844 fortasse
459 794 664 855 φερτεύει
683 798 850 853 scripsit
880 799 995 855 cujus
1024 798 1446 854 paraschematismus
1474 806 1538 843 est
1555 795 1700 857 φερταῖ

251 868 349 921 ζειν.
409 864 497 907 Sed
536 864 587 906 ab
627 863 692 906 his
730 877 950 921 parumper
980 865 1191 908 abeamus.
1250 864 1411 909 Etenim
1439 878 1564 923 saepe
1593 878 1698 922 quae

248 935 328 976 stio
358 931 502 975 incidit
533 930 637 973 unde
669 931 799 974 verba
827 931 946 986 hujus
986 931 1145 974 formae
1176 931 1364 975 derivata
1393 933 1497 984 sint,
1537 945 1564 975 a
1591 931 1691 975 verb

249 1013 302 1043 an
334 1012 360 1041 a
384 999 561 1041 nomine.
621 996 760 1048 Quare
792 998 841 1040 de
871 1011 1190 1054 paronymorum
1221 1005 1311 1042 ortu
1339 999 1704 1055 interponenda-es

248 1066 483 1123 disputatio,
514 1063 588 1106 sed
614 1063 755 1107 brevis
785 1078 863 1108 nec
886 1078 961 1121 pro
992 1066 1114 1121 copia
1143 1064 1443 1121 exemplorum
1476 1063 1584 1108 haec
1613 1066 1715 1116 enir

248 1133 317 1188 qui
347 1130 591 1186 singillatim
620 1132 812 1187 persequi
847 1133 1048 1182 instituat,
1090 1130 1210 1174 finem
1240 1134 1310 1174 vix
1345 1132 1538 1175 inveniet.
1594 1130 1703 1188 Equi

249 1199 342 1241 dem
367 1210 504 1255 pauca
532 1198 728 1253 cuiusque
759 1197 1051 1241 declinationis
1080 1211 1327 1255 proponam,
1366 1211 1418 1242 ac
1444 1199 1617 1255 primum
1646 1197 1701 1241 ho

248 1266 405 1308 merica.
434 1261 632 1319 ἆλητεύω
670 1270 710 1307 et
749 1262 928 1307 ἱκετεύω
963 1270 1003 1307 et
1033 1264 1142 1320 quod
1178 1265 1222 1307 in
1249 1263 1296 1306 H.
1324 1263 1374 1307 H.
1408 1264 1562 1320 legitur
1591 1265 1700 1322 φιλη

248 1331 384 1384 τεύω,
425 1338 507 1373 tum
553 1343 659 1386 quae
703 1337 892 1374 oratores
933 1331 1046 1374 attici
1090 1330 1407 1387 comprobarunt
1449 1328 1708 1388 δραπετεύει»

250 1396 485 1447 ἶδιωτεύω,
517 1394 726 1454 λιηστεύω,
756 1393 990 1447 ὁπλιτεύω,
1020 1395 1237 1451 ταμιεύει),
1269 1394 1486 1450 πυκτεύω,
1513 1397 1701 1456 τραπεζι,

248 1462 386 1515 τεύω,
426 1459 695 1520 προφητεύει)
726 1469 803 1506 etc.
861 1462 948 1506 Sed
984 1477 1068 1506 non
1107 1464 1247 1505 omnia
1277 1465 1339 1506 sic
1375 1463 1552 1519 figurata
1581 1476 1713 1520 paret·

251 1530 537 1572 auctoritatem
563 1527 763 1572 habuisse
786 1536 930 1572 notum
968 1529 1124 1572 faciunt
1154 1529 1436 1573 Atticistarum
1465 1531 1700 1574 notationes

250 1591 531 1653 σοφιστεύειν
567 1591 647 1639 οὐκ
684 1593 730 1638 ἐν
764 1593 919 1652 χρήσει
961 1595 1192 1652 κεκριμένη
1219 1593 1324 1638 Poll.
1353 1593 1421 1638 IV.
1448 1597 1514 1640 17.
1544 1597 1703 1655 φιλοδε

250 1658 555 1714 σποτεύομαι·
606 1660 749 1712 οὕτως
791 1659 1025 1712 ,Ἀναξίλας
1061 1659 1156 1702 ΕΜ.
1188 1661 1292 1713 794,
1319 1662 1385 1705 19.
1422 1662 1576 1720 illeque
1607 1676 1704 1706 man

251 1741 324 1771 cus
356 1726 554 1770 articulus
576 1727 799 1783 Phrynichi
827 1726 932 1783 Epit.
955 1727 1052 1770 443.
1069 1751 1151 1774 *n*
1181 1730 1398 1774 ενιτεῦσαι
1437 1726 1549 1773 ἰδεῖν
1587 1730 1656 1772 δεῖ
1683 1746 1704 1773 ε

257 1797 519 1850 Φαβωρῖνος
552 1790 632 1837 οὐκ
669 1790 825 1848 ὀρθῶς
850 1797 1010 1852 χρῆται
1053 1801 1164 1838 certe
1205 1795 1258 1837 ad
1295 1795 1465 1838 verbum
1493 1795 1706 1851 hujusmod

251 1867 409 1918 spectat
439 1862 527 1903 sive
560 1860 601 1902 id
633 1863 899 1915 πενητεῦσαι
928 1861 1002 1903 fuit
1032 1863 1120 1904 sive
1151 1861 1405 1913 ξενιτεῦσαι,
1435 1862 1543 1919 quod
1565 1861 1700 1905 Corae

251 1928 387 1970 Atact.
419 1925 469 1968 T.
499 1926 547 1968 11.
576 1927 672 1968 262.
710 1940 794 1969 non
833 1934 926 1969 ante
960 1926 1210 1971 Strabonem
1248 1926 1334 1983 legi
1374 1935 1509 1985 putat3
1545 1929 1695 1972 medim

252 1990 552 2045 ξενιτεύεσθαι
574 1991 799 2035 Isocratem
829 1993 1021 2049 (Philipp.
1039 1994 1154 2047 107.)
1182 2007 1256 2050 pro
1273 1997 1578 2052 μισθοφορεῖν
1605 2009 1705 2038 usur

250 2072 377 2115 passe
418 2057 692 2114 Harpocratio
737 2066 963 2101 memoratu
1008 2059 1174 2113 dignum
1217 2059 1372 2102 habuit.
1428 2059 1562 2104 Multo
1604 2059 1715 2118 plur'

252 2130 464 2180 emergunt
503 2124 611 2180 apud
641 2126 888 2181 scriptores,
925 2125 993 2181 qui
1021 2124 1187 2180 vulgari
1224 2125 1404 2169 dialecto
1434 2128 1702 2182 assignantur

250 2188 512 2247 γυμνητεύω,
539 2188 844 2248 ἐργατεύομαι,
874 2188 1125 2246 λογιστεύω,
1153 2189 1472 2246 anawanum,
1493 2193 1710 2246 μεσιτεύω

249 2252 519 2315 πειρατεύω,
561 2254 894 2313 προςηλυτεύω,
939 2255 1222 2314 πλανητεύω,
1261 2257 1371 2314 quod
1397 2265 1439 2301 et
1471 2258 1527 2301 ad
1554 2257 1699 2317 πλάνη

226 2324 396 2367 'referri
430 2329 576 2380 potest.
635 2321 722 2366 Sed
753 2330 794 2365 ut
820 2323 946 2379 longe
974 2323 1095 2380 plura
1124 2329 1217 2366 sunt
1253 2323 1511 2368 substantiva
1539 2338 1647 2382 quae
1676 2328 1693 2370 i

250 2410 345 2449 της,
383 2405 503 2449 quam
534 2391 665 2435 verba
694 2404 800 2448 quae
830 2394 875 2435 in
904 2410 1015 2436 τευω
1044 2399 1213 2444 exeunt,
1258 2393 1318 2436 ita
1345 2393 1484 2438 verbis
1512 2395 1697 2438 nonnulli

251 2460 366 2502 deest
394 2472 542 2502 nomen
570 2458 775 2513 genitale,
806 2461 912 2502 sicut
941 2456 1184 2514 ἁγιστεύειν
1214 2458 1323 2514 apud
1349 2458 1563 2504 Platonem
1593 2462 1710 2505 alios·

339 2620 377 2665 2)
413 2620 488 2656 Eos
525 2621 583 2666 qui
615 2625 777 2655 mortuos
809 2618 980 2654 condiunt
1012 2624 1121 2654 vocat
1153 2621 1408 2668 ταριχευτῆρας
1445 2619 1647 2667 ἄπηνεις-
1658 2634 1705 2657 κα

248 2679 426 2725 ἕμπορίης
457 2676 555 2722 (sort.
582 2676 844 2723 κακεμπορίης)
877 2688 913 2710 τε
936 2673 1117 2719 ματευτάς
1137 2677 1199 2709 καὶ
1221 2675 1413 2725 μυσαροὺς
1441 2675 1542 2722 (fort.
1564 2691 1697 2724 παμμυ

249 2732 397 2781 σάρους)
429 2730 567 2778 σηπτιὲς
596 2745 633 2768 τε
657 2729 883 2778 τεχνάσμασι
914 2728 1146 2775 σηπεῠοντας.
1195 2731 1271 2766 Pro
1307 2730 1444 2777 σηπτοὲς
1475 2733 1588 2778 (quod
1621 2739 1696 2769 cert

249 2787 386 2833 σήπῐας
408 2790 516 2825 scribi
541 2789 713 2832 debebat)
735 2788 934 2823 Dor-villius
959 2791 1107 2831 σηπτοῖς
1132 2787 1279 2832 corrigit
1306 2788 1328 2822 i.
1354 2800 1386 2826 e
1415 2793 1610 2834 σηπτικοῖς,
