1708 3126
195 208 259 254 10
663 199 1127 246 DISSERTATIO
1172 200 1201 242 Ι.

195 328 366 372 quorum
394 314 594 357 nonnulla
623 320 808 369 tempora
846 313 1017 369 obliqua
1044 317 1275 356 mutuantur
1308 324 1337 354 a
1363 310 1496 368 prima
1524 310 1666 367 0116016

193 382 305 425 velut
348 383 539 424 Μᾶσσαι
588 377 794 433 (μάσσαι)
846 379 1029 435 ζητῆσαι
1071 378 1169 422 Hes.
1241 376 1288 421 ld
1329 379 1439 421 enim
1479 390 1564 421 11011
1611 375 1662 420 ad

65 459 71 466 ¹
122 488 124 490 .
193 445 350 501 μάσσω
379 449 554 503 pertinet
583 446 658 489 sed
680 445 734 488 ad
762 442 865 498 μάω
893 444 1116 499 (μαίομαι)
1143 446 1257 500 cujus
1282 444 1458 488 futurum
1480 442 1663 487 Aristar·

194 513 294 556 chus
323 515 459 570 posuit
485 512 520 555 ll
550 511 624 555 IX.
654 510 750 554 394.
782 508 965 566 γυναῖκά
1003 527 1051 566 γε
1084 509 1303 565 μάσσεται
1339 510 1420 555 hoc
1446 514 1511 553 est
1541 505 1664 565 ζητή-

194 595 275 630 σει,
310 593 432 636 quam
464 580 810 635 significationem
842 577 994 620 habent
1032 578 1220 622 derivata
1245 580 1420 633 ματεῖν,
1461 572 1667 631 ματεύειν

193 647 283 690 sive
311 643 558 700 μαστεύειν.
615 645 702 688 Nec
743 644 908 686 aliunde
949 650 1071 688 natus
1110 652 1174 688 est
1203 646 1384 688 aoristus
1417 639 1667 698 μάσασθαι,

194 727 313 770 quem
344 711 486 756 Schol.
517 710 593 755 Od.
623 710 698 754 XI.
728 710 823 753 591.
852 711 1141 767 interpretatur
1167 707 1464 766 ἐφάψασθαι,
1489 720 1585 751 nam
1615 707 1668 751 ad

194 793 259 831 ea,
290 793 396 836 quae
426 781 684 836 quaerimus,
719 790 884 820 manum
911 776 1190 833 protendimus
1220 783 1262 820 111
1291 775 1600 831 contingamus,
1629 780 1670 821 et

193 848 370 890 activum
397 844 568 899 μάσσαι
595 844 645 888 τὸ
680 845 813 901 δῆσαι
831 845 897 898 ¹⁴)
926 842 1063 900 φασὶν
1083 841 1272 894 Αἰολεῖς
1303 841 1443 899 Steph.
1474 855 1508 885 s.
1532 843 1670 884 Μασ-

195 912 341 962 σαλία,
373 911 628 968 eandemque
645 909 990 965 significationem
1004 909 1159 952 obtinet
1175 908 1306 965 ἅψαι,
1337 904 1670 962 ἆμματίσαι.“)

139 1010 155 1021 2
195 979 257 1022 Ex
287 985 462 1035 quatuor
490 978 601 1028 illis,
643 976 791 1033 quibus
833 976 1107 1034 diphthongus
1149 978 1209 1019 ita
1237 974 1365 1018 infixa
1394 981 1458 1018 est
1494 981 1536 1018 111
1564 987 1671 1016 111111-

195 1059 319 1102 quam
349 1049 525 1088 statione
556 1044 693 1093 cedat,
721 1056 844 1086 unum
873 1040 1020 1086 πταίω
1052 1041 1147 1084 ΕΜ.
1172 1040 1268 1092 694,
1299 1041 1339 1083 5.
1370 1053 1397 1084 a
1425 1039 1546 1085 πέτω
1575 1038 1672 1090 (πί-

196 1115 313 1166 πτω)
351 1113 519 1169 repetit,
564 1110 755 1166 equidem
788 1123 838 1153 ex
877 1107 1000 1152 παίω
1038 1114 1168 1152 ortum
1203 1107 1398 1166 putabam
1438 1106 1565 1151 Pron.
1600 1105 1670 1149 88.

197 1178 305 1221 unde
349 1178 617 1234 compositum
662 1173 868 1230 ἐμπαίειν
911 1188 996 1218 11011
1037 1175 1172 1218 solum
1210 1172 1379 1218 'illidere
1423 1172 1500 1216 sed
1544 1173 1670 1216 etiam

196 1244 427 1294 offendere,
468 1243 695 1300 impingere
722 1242 929 1297 significat
956 1248 1211 1298 mutaturque
1239 1240 1443 1284 interdum
1473 1252 1564 1284 cum
1593 1238 1672 1292 ἐμ-

195 1309 372 1354 πταίειν
400 1317 443 1352 111
477 1308 715 1364 συμπαίειν
746 1323 836 1354 011111
867 1308 1143 1363 συμπταίειν.
1203 1305 1364 1350 Παίειν
1397 1307 1530 1363 ipsum
1567 1304 1673 1348 nihil

197 1384 291 1420 ante
313 1390 359 1419 se
381 1376 518 1427 habet,
548 1390 626 1419 nec
656 1389 809 1432 sequar
824 1375 1011 1431 Elmsleji
1033 1376 1278 1418 sententiam
1298 1373 1352 1417 ad
1374 1372 1557 1417 Acharn.
1571 1371 1670 1414 835.

195 1442 347 1487 παίειν
375 1440 517 1497 μάζαν
545 1449 763 1497 cognatum
794 1455 889 1485 esse
920 1442 1047 1485 verbo
1078 1439 1328 1489 πάσασθαι,
1361 1440 1436 1483 sed
1463 1440 1600 1496 potius
1627 1438 1673 1482 id

197 1510 307 1565 quod
338 1508 480 1552 Schol.
521 1509 606 1552 alio
643 1509 738 1552 loco
780 1510 992 1552 adnotavit
1028 1522 1065 1551 v.
1095 1508 1191 1551 686.
1226 1505 1378 1551 παίειν
1416 1506 1592 1562 λέγουσι
1620 1503 1672 1549 τὸ

196 1578 288 1619 πᾶν
330 1572 479 1620 ὁτιοῦν
515 1572 730 1626 συντόνως
765 1578 913 1618 ποιεῖν
934 1578 996 1626 16)
1040 1574 1184 1631 illique
1223 1573 1434 1617 conferam
1471 1571 1671 1628 Hesychii

194 1642 365 1697 glossas
379 1638 590 1698 ’Έκρουεν
619 1637 789 1697 ἤσθιεν,
817 1640 1080 1696 Λακέμεναι
1109 1639 1340 1697 φαγέσθαι
1368 1641 1480 1696 (post
1513 1635 1671 1682 λακκό-

196 1709 410 1763 πλουτος)
440 1714 480 1750 61
511 1707 684 1750 latinum
721 1709 904 1751 cibicida.
965 1708 1032 1750 Ab
1072 1707 1159 1756 his,
1203 1719 1309 1763 quae
1348 1705 1534 1756 absolvi,
1577 1718 1672 1749 ver-

196 1775 277 1826 bis,
308 1772 420 1817 καίω
451 1781 491 1816 61
521 1772 659 1817 κλαίω
688 1773 797 1816 hanc
816 1774 1192 1817 dissimilitudinem
1220 1772 1387 1824 habent,
1413 1772 1524 1830 quod
1542 1771 1672 1816 Attici

195 1854 270 1898 pro
301 1840 553 1896 diphthongo
577 1840 871 1883 substituerunt
899 1840 1023 1897 alpha
1042 1840 1230 1894 longum;
1259 1852 1356 1882 nam
1376 1841 1672 1896 primitivorum

195 1907 385 1951 vocalem
414 1906 583 1950 brevem
610 1907 739 1949 fuisse
770 1907 966 1949 indicium
994 1907 1278 1963 qualecunque
1301 1905 1501 1962 praebent
1525 1907 1672 1950 aoristi

199 1973 347 2024 ἔκλαε,
381 1969 507 2029 ἐκάη,
539 1980 578 2015 61
609 1973 745 2016 sutura
776 1971 942 2025 καύσω,
978 1970 1240 2025 κλαύσομαι.
1300 1971 1390 2016 1)110
1421 1979 1514 2015 sunt
1540 1972 1672 2016 verba

196 2043 240 2083 in
270 2041 416 2084 eodem
445 2052 599 2094 genere
635 2040 799 2083 dicendi
837 2039 1051 2096 dupliciter
1087 2038 1283 2093 figurata;
1322 2052 1419 2082 nam
1457 2037 1573 2082 κνάω
1607 2040 1672 2082 di-

197 2110 302 2150 eitur
331 2114 370 2150 et
404 2105 557 2154 κναίω,
598 2107 674 2149 sed
701 2106 781 2149 hoc
807 2119 945 2150 rarum
971 2107 1139 2149 inventu
1165 2111 1282 2148 extra
1310 2105 1523 2160 synthesin
1553 2103 1671 2149 ἀπο-

199 2172 355 2222 κναίω,
397 2170 632 2223 ὁιακναίω,
676 2186 808 2228 eaque
846 2186 930 2216 non
964 2179 1047 2215 tam
1084 2174 1292 2229 propriam
1333 2172 1507 2215 radendi
1547 2186 1671 2228 quam

294 2333 350 2376 14)
384 2331 477 2365 Hinc
509 2331 666 2377 sortasse
697 2329 843 2376 μαργάς
862 2329 880 2366 ὁ
905 2328 1040 2376 δεσμός
1062 2331 1276 2375 interposito
1307 2330 1373 2365 rho
1395 2336 1433 2366 ut
1464 2342 1488 2365 a
1509 2333 1671 2379 μαίομαι

199 2395 332 2435 appeto
357 2386 500 2435 μάργος
541 2387 667 2421 insane
696 2387 864 2433 cupidus,
900 2392 937 2422 et
960 2385 1151 2432 μανδάκης
1175 2384 1310 2432 δεσμὸς
1338 2385 1475 2434 χόρτου
1499 2386 1670 2433 Prolegg.

198 2446 278 2481 313.
304 2445 375 2479 hoc
400 2449 454 2478 est
476 2454 629 2489 merges.

293 2501 350 2544 15)
384 2500 607 2547 Μαματίδες
630 2495 902 2545 ἀναδενδράδες
920 2498 1009 2533 Hes.
1032 2496 1232 2544 Ἁμαμαξίς
1247 2497 1269 2539 ἡ
1292 2496 1541 2546 ἀναδενδρᾶς·
1565 2498 1670 2545 παρὰ

200 2557 240 2594 -ιὸ
275 2557 433 2603 ἀμμίξαι
468 2556 554 2600 (hoc
587 2562 642 2590 est
676 2554 896 2601 ἆμματίσαι)
932 2553 1225 2600 ἀναδεσμοῦνται
1255 2552 1329 2602 γάρ
1361 2555 1451 2590 ΕΜ.
1482 2555 1529 2590 ab
1561 2553 1670 2600 ἅμμα

199 2615 294 2649 1111116
317 2609 482 2660 ἁμμάξαι
503 2617 539 2647 61
564 2609 744 2657 ἀμμιάξαι
768 2612 803 2645 11.
826 2623 857 2646 6.
881 2611 1115 2657 suspendere,
1139 2611 1377 2657 strangulare.

295 2670 352 2713 16)
379 2666 504 2704 Παιάν
528 2669 568 2703 ἐκ
586 2670 649 2704 τοῦ
673 2670 770 2702 παίω
795 2666 834 2702 -ιὸ
858 2665 1052 2714 θεραπεύω
1077 2667 1201 2703 Schol.
1226 2667 1334 2702 Arist.
1354 2667 1449 2703 Plut.
1465 2666 1544 2702 636.
1567 2666 1669 2702 Eust-

206 2726 304 2768 1275,
335 2725 365 2760 l.
391 2737 413 2759 a
440 2725 594 2769 plagoso
621 2724 775 2768 quodam
807 2723 879 2758 ludi
901 2723 1073 2767 magistro
1103 2723 1342 2770 excogitatum
1371 2723 1517 2759 videtur
1539 2723 1668 2760 verbe-

201 2793 276 2816 rum
300 2782 370 2816 viui
397 2780 570 2814 medicam
593 2780 786 2818 salubriter
810 2785 975 2826 experto.
