1708 3126
187 196 252 243 78
634 186 1103 232 DISSERTATIO
1148 188 1213 234 lv.

185 315 345 353 meare,
381 307 659 349 transmeare,
700 298 936 342 distendere
960 301 1024 353 ¹0)
1060 306 1100 343 et
1139 297 1364 354 ὁιάσματα
1401 303 1545 346 vocari
1586 303 1691 348 fila

183 371 250 415 vel
282 368 490 415 staminis,
528 378 634 421 quae
671 364 891 407 subtemini
926 366 1116 409 intersita
1141 372 1256 418 sunt,
1292 366 1362 410 vel
1403 367 1668 424 subteminis„

185 435 294 493 quod
324 433 489 476 stamini
518 431 769 488 implicatur,
806 444 1036 507 nomenque
1065 434 1272 489 proprium
1302 431 1449 477 habet
1461 442 1601 480 tram-a
1630 449 1668 491 aff

183 500 425 547 trameando
455 505 498 542 ut
532 504 711 548 trames3
749 497 858 540 sed
847 511 892 540 m
928 499 1074 554 paucis
1114 499 1197 541 illis
1226 497 1355 549 locis,
1400 499 1472 544 ubi
1507 515 1657 547 nomen
1693 523 1697 529 ¹

182 572 262 614 hoc
290 569 461 623 legitur,
502 564 760 619 significatur
790 570 950 607 stamen
978 564 1028 607 τὸ
1061 559 1232 622 ἢτριον,
1277 565 1504 624 eodemque
1532 569 1664 614 modo·
1689 588 1694 595 ³

173 632 436 687 Ἐκὸιάστρα
477 632 659 684 κλῶσμα
697 627 726 687 ἢ
763 627 939 687 στήμων
977 629 1076 674 Hes.
1107 630 1374 678 Grammatici
1413 646 1514 679 vero
1543 635 1697 679 com-i·

179 704 354 760 positum
386 711 478 743 esse
507 697 670 749 volunt3
699 695 794 738 ΕΜ.
828 697 925 748 270,
954 698 1023 740 22.
1055 697 1282 751 ὁίασμα-
1293 698 1420 756 παρὰ
1448 699 1500 745 τὸ
1529 695 1697 746 α’σσωὝ

179 767 344 824 γίνεται
365 763 575 815 αἰολικῶς
594 730 685 816 α’ζω
707 757 871 816 ἅζομαι
900 762 975 806 καὶ
994 761 1216 817 ὁιάζομαι.
1234 766 1300 819 ¹¹)
1343 764 1504 810 Anecd.
1517 766 1653 812 Bekk.
1668 816 1670 818 ,

175 835 274 878 452.
315 829 516 889 Σώφρων
548 829 781 880 ἔπεσθαι,
820 823 846 872 ὃ
878 824 1007 886 ἡμεῖς
1041 827 1279 883 διάζεσθαι
1310 833 1538 893 μεταβολῇ
1566 837 1654 879 τῶν
1696 878 1708 888 γ,

181 904 261 948 δύο
301 917 356 946 σσ
397 897 462 950 εἷς
502 898 552 942 τὸ
587 915 608 941 ε
649 899 805 941 omisso
842 903 986 953 tropae
1026 898 1214 942 aeolicae
1254 907 1506 954 commento,
1544 916 1652 960 quae
1707 910 1708 918 ¹

178 970 307 1015 verbo
341 967 463 1011 obvio
504 971 544 1008 et
576 965 815 1022 quotidiano
850 977 993 1020 parum
1023 966 1227 1008 convenit.
1285 965 1411 1011 Certa
1448 968 1502 1012 ad
1539 969 1651 1013 arbi·
1704 990 1706 994 >

176 1035 366 1081 trandum
384 1033 628 1076 documenta
647 1031 805 1074 desunt.
856 1027 1137 1084 Ἐμπάζομαι
1156 1044 1255 1075 curo
1270 1030 1366 1076 EM.
1383 1033 1436 1077 ab
1460 1031 1659 1089 εμπαιος·

176 1100 458 1157 Ξέζιιπειρος
496 1100 663 1155 repetit,
704 1097 754 1140 de
794 1110 874 1154 quo
914 1097 1013 1153 quid
1049 1096 1150 1139 mihi
1179 1098 1370 1142 videatur
1405 1101 1449 1143 iu
1476 1099 1590 1145 Diss.
1618 1100 1650 1145 1.

177 1171 214 1225 ξ.
242 1169 280 1211 l.
308 1166 523 1224 professus
563 1178 675 1215 sum;
715 1161 980 1217 κατεμπάζω
1016 1164 1059 1205 in
1086 1162 1287 1208 Nicandri
1325 1179 1451 1210 versu
1477 1163 1651 1212 ὁπόταν

172 1231 307 1293 χρειώ
333 1249 382 1277 σε
410 1229 670 1288 κατεμπάζῃ
698 1229 925 1285 μογέοντα,
955 1229 1066 1286 quod
1084 1229 1226 1274 Schol.
1256 1233 1546 1289 interpretatur
1571 1250 1649 1277 κα-
1682 1250 1685 1252 ’

173 1297 431 1359 ταλαμβάνῃ
461 1297 535 1341 καὶ
558 1294 810 1355 κατεπείγῃ,
840 1295 1012 1340 inclinat
1036 1297 1090 1339 ad
1121 1298 1430 1342 similitudinem
1458 1299 1650 1356 adJectivi
1685 1324 1687 1326 -

175 1382 202 1412 a
230 1366 353 1412 παίω
384 1364 600 1422 compositi
628 1364 672 1405 in
690 1362 1125 1418 Aesch.Agam.180.
1158 1361 1344 1416 ἔμπαιοι
1361 1363 1488 1420 τύχαι
1503 1365 1646 1410 Schol.
1686 1391 1688 1395 .

173 1433 450 1489 ἐμπεσοῦσαι
479 1437 572 1474 etv.
589 1429 684 1472 354.
711 1428 949 1486 πρόσπαια
979 1427 1092 1472 κακά
1120 1428 1262 1474 Schol.
1287 1430 1649 1490 προσπαίσαντα,-

173 1513 200 1544 a
225 1513 305 1557 quo
335 1494 632 1552 κατεμπάζειν
660 1495 764 1538 illud
793 1494 888 1538 sola
923 1494 1058 1538 differt
1086 1499 1402 1542 constructione.
1459 1497 1645 1543 Tertium

171 1567 312 1625 specie
340 1564 500 1614 simile,
530 1562 833 1618 significatione
864 1562 1006 1617 dispar
1035 1568 1098 1604 est
1117 1557 1422 1617 Ἀμπάζονται
1455 1561 1646 1621 ἅηαβάλ-
1690 1584 1692 1589 ’

170 1634 321 1677 λονται
351 1629 426 1674 καὶ
463 1628 518 1673 τὰ
548 1627 684 1683 ὅμοια
711 1626 807 1669 ΕΜ.
843 1628 953 1684 quod
978 1626 1210 1683 Hesychius
1251 1625 1556 1675 ἀναπαύονται
1581 1633 1646 1675 in-
1689 1652 1708 1681 ‘.

168 1704 415 1757 terpretatus
453 1702 528 1739 est.
571 1695 622 1738 cf.
655 1694 835 1737 Ahrens
866 1693 965 1737 dial.
997 1694 1085 1737 dor.
1114 1694 1212 1738 285.
1271 1694 1359 1739 Sed
1390 1702 1559 1742 transeo
1589 1699 1645 1742 ad

168 1768 343 1826 epsilon.
405 1762 519 1821 Τρία
547 1761 663 1816 μόνα
693 1762 938 1818 δισύλλαβα
966 1765 1029 1820 τῷ
1059 1779 1082 1807 ε
1114 1761 1480 1822 παραληγόμενα,
1519 1765 1643 1824 ῥέζω,

169 1833 266 1888 ἐξω,
292 1832 421 1886 χέζω,
453 1827 580 1874 οὐδὲν
609 1829 657 1873 δε
687 1826 1000 1885 τρισύλλαβον·
1033 1829 1144 1872 κατὰ
1173 1828 1346 1888 τροπὴν
1374 1825 1452 1875 ουν
1479 1832 1645 1887 γίνεται
1694 1855 1708 1893 g

168 1899 320 1952 πιέζω,
351 1913 395 1939 οι
425 1896 474 1940 δὲ
504 1897 697 1952 Δωριεῖς
726 1891 875 1947 πιάζω
901 1893 995 1936 ΕΜ.
1025 1895 1122 1947 671,
1149 1895 1219 1938 24.
1251 1897 1362 1953 quod
1386 1897 1544 1942 idcirco
1558 1897 1642 1942 He-

165 1965 364 2009 rodianus
395 1978 443 2005 π.
473 1964 591 2004 Μον.
621 1974 659 2017 Ρ.
692 1959 762 2011 44,
790 1962 831 2002 2.
864 1960 1088 2016 analogiae
1128 1964 1438 2006 convenientius
1461 1964 1640 2020 judicat;

167 2044 218 2075 ac
246 2029 386 2082 πιεζιῦ
423 2040 584 2084 quoque
615 2039 806 2083 compare
847 2033 983 2079 caret;
1024 2041 1120 2070 nam
1157 2030 1365 2084 τραπεζιῦ
1399 2032 1547 2074 tertiae
1577 2038 1642 2075 est

165 2096 484 2152 conjugationis.
545 2092 665 2144 Quod
704 2093 777 2136 ille
814 2095 1090 2150 praetermisit
1121 2094 1232 2151 ῥέζω
1262 2093 1313 2138 τὸ
1341 2093 1522 2148 βάπτω,
1553 2097 1639 2141 for-

162 2171 278 2207 tasse
317 2175 343 2205 a
379 2160 488 2219 ῥέζω
529 2159 640 2202 facio
679 2173 762 2202 non
805 2159 1011 2202 diversum
1052 2174 1147 2204 esse
1187 2160 1372 2204 credidit.
1438 2160 1490 2204 Et
1529 2162 1638 2207 hanc

163 2231 397 2287 opinionem
420 2239 504 2269 non
532 2226 797 2268 mediocriter
826 2226 1066 2269 confirmant
1096 2226 1287 2282 syntheta
1313 2226 1446 2270 latina
1474 2230 1638 2284 inficere
1701 2232 1705 2235 “

164 2303 203 2339 et
230 2297 415 2350 sufficere
454 2292 496 2334 id
526 2298 589 2335 est
625 2293 786 2348 tingere
818 2294 906 2336 sive
937 2293 1096 2350 ῥέζειν,
1134 2293 1241 2335 unde
1271 2290 1421 2350 ῥεγεύς
1449 2294 1637 2348 infector,

254 2462 311 2508 10)
345 2463 500 2498 Theocr.
523 2462 622 2498 XVI.
650 2463 705 2497 97.
740 2461 896 2510 ἀράχνια
920 2462 956 2499 δ’
985 2465 1035 2503 εἰς
1065 2462 1140 2499 ὅπλ’
1168 2462 1324 2511 ἀράχναι
1345 2462 1458 2500 λεπτὰ
1482 2464 1631 2511 διαστή-
1702 2471 1708 2482 ⁵

160 2530 284 2556 σαιντο
312 2519 435 2554 Schol.
460 2516 691 2565 διυφήνειαν.

251 2586 308 2630 ll)
349 2586 455 2623 Quae
482 2585 537 2619 his
570 2586 772 2631 praemissa
797 2590 881 2620 sunt
914 2585 1188 2632 ὃίασμα-ἀπὸ
1225 2588 1287 2621 τοῦ
1311 2587 1404 2622 ὃαίω
1432 2586 1471 2622 τὸ
1492 2590 1626 2636 μερίζω
1696 2626 1708 2635 ¹·

157 2643 282 2690 δάσμα
309 2645 371 2679 καὶ
396 2646 619 2689 πλεονασμῷ
645 2647 707 2679 ιοῦ
727 2636 754 2678 ἶ
770 2644 929 2689 δίασμα,
954 2644 1054 2679 nullo
1081 2644 1190 2679 modo
1215 2655 1295 2679 cum
1319 2645 1434 2680 verbo
1458 2643 1627 2692 διάζομαι.

156 2700 340 2735 conciliari
362 2706 535 2746 possunt,
570 2701 638 2734 nisi
663 2699 748 2744 quid
773 2700 905 2735 excidit
940 2698 961 2744 ἢ
986 2698 1086 2747 παρὰ
1118 2699 1157 2735 τὸ
1193 2699 1302 2740 ὃαΐζω
1326 2699 1468 2748 δάῖσμα
1489 2704 1552 2737 καὶ
1583 2703 1625 2738 ἐν
1686 2694 1690 2701 “

156 2755 363 2802 ίπερθέσει.
411 2755 508 2790 Pon.
536 2755 614 2790 Vll.
639 2755 694 2790 32.
719 2759 995 2804 προφορεῖσθαι
1013 2755 1163 2792 Ἀττικοὶ
1186 2757 1316 2802 ἔλεγον
1339 2756 1377 2794 τὸ
1400 2756 1597 2800 δἰάζεσθαι.
