1728 3120
235 180 338 227 342
669 171 1141 218 DISSERTATIO
1185 172 1284 218 XX.

237 290 461 335 clamorem
482 288 697 330 confusum
715 288 950 330 vocantem
963 299 1244 330 verworrenes
1263 286 1465 347 Gesehmi‘.
1479 292 1546 342 ⁴⁰)
1581 288 1676 332 Aliu

235 355 355 400 offert
384 353 525 397 Schol.
556 351 602 395 11.
633 351 700 395 ΙΙΙ.
734 352 830 398 152.
873 348 968 397 ὅπα
997 351 1445 410 λειριόεσσαν--ἀπὸ
1478 356 1565 398 τῶν
1593 352 1686 411 ὁρω

235 422 377 477 μένων
407 419 482 464 ἐπὶ
502 419 556 464 τὰ
579 417 839 475 ἀκουόμενα,
871 419 946 463 sed
968 421 1057 464 veri
1088 420 1224 464 simile
1243 427 1307 464 est
1332 421 1426 464 lilia
1449 422 1543 480 ipsa
1561 426 1678 465 nome

239 487 456 544 accepisse
500 482 591 530 ἀπὸ
633 489 712 530 τοῦ
752 486 902 543 λείρου
938 485 1017 530 hoc
1052 494 1116 530 est
1155 500 1179 530 a
1219 488 1455 542 gracilitate
1490 494 1532 532 et
1557 490 1691 535 teneri

237 555 377 598 tudine
407 554 698 606 foliorum.20)
741 552 883 610 Neque
915 555 1024 596 enim
1051 567 1132 597 vox
1162 556 1303 597 suavis
1324 549 1556 613 ῥοδόεσσα,
1585 568 1681 599 rose

237 621 306 665 vel
339 617 507 676 ῖοειόής
533 627 706 663 vocatur
745 621 820 663 sed
858 621 979 664 modo
1016 621 1140 678 φωνὴ
1171 620 1364 677 θαλεροὶ,
1409 616 1583 679 ἀνθηρά
1613 620 1698 665 Sch

238 687 344 731 Plut.
372 686 468 729 589.
498 689 819 736 sonus-viridiS,
851 701 1020 744 quorum
1052 687 1139 730 alia
1168 695 1231 731 est
1257 689 1378 732 ratio.
1434 685 1548 731 Nihil
1575 695 1682 732 tame

241 755 394 799 certius
433 761 594 798 constat
633 767 755 811 quam
792 767 929 797 rerum
969 753 1275 811 splendidarum
1312 754 1493 812 epitheta
1521 754 1572 798 de
1609 769 1686 800 voc

240 822 456 878 usurpari,
486 834 565 864 nec
589 821 724 865 solum
747 822 840 877 jure
872 822 1035 878 poetico
1065 828 1110 864 ut
1138 816 1206 875 ὂψ
1233 818 1399 879 φαεννοὶ
1427 820 1547 864 Pind.
1574 821 1619 864 P.
1645 820 1714 865 IV.

240 888 338 932 504.
370 888 445 931 sed
474 887 580 931 adeo
610 891 654 931 in
683 901 873 932 sermone
902 888 1067 944 vulgari
1091 887 1214 945 φωνὴ
1246 885 1446 944 λαμπρά,
1473 902 1561 932 vom
1583 891 1702 933 clara

242 956 435 1004 candida,
469 955 617 1011 quibus
644 957 834 1011 congruit
858 955 1028 999 verbum
1059 952 1251 1008 λάμπειν
1281 967 1409 1012 supra
1435 963 1701 1000 memoratum

242 1028 284 1066 et
310 1024 562 1066 contrarium
591 1021 715 1080 φωνὴ
748 1019 958 1079 ἆλαμπής
990 1021 1106 1065 Paul.
1136 1021 1243 1076 Aeg.
1273 1020 1303 1064 I.
1332 1021 1402 1074 65,
1431 1035 1470 1080 p.
1496 1021 1564 1066 18.
1594 1036 1691 1080 quat

241 1088 526 1146 metaphoram
558 1090 691 1144 tangit
720 1087 871 1131 Sextus
902 1102 938 1132 c.
968 1088 1077 1131 Mus.
1107 1088 1176 1139 40,
1201 1087 1298 1131 365.
1336 1086 1477 1146 φαιάν
1513 1105 1610 1134 τινα
1643 1106 1700 1134 κα

241 1155 452 1210 μέλαιναν
471 1154 546 1198 καὶ
563 1154 720 1212 λευκὴν
739 1154 890 1213 φωνὴν
919 1151 1010 1198 ἀπὸ
1029 1157 1115 1197 τῶν
1139 1154 1254 1211 πρὸς
1273 1154 1349 1212 τὴν
1367 1154 1527 1213 ὅρασιν
1555 1154 1694 1212 αἷσθη

242 1224 330 1265 τῶν
360 1219 642 1278 κεκλήκαμεν.
699 1221 781 1264 Per
800 1223 1050 1265 contrarium.
1082 1223 1186 1264 luna
1213 1223 1338 1265 silens
1367 1222 1516 1266 dicitur
1543 1219 1570 1280 ἡ
1598 1220 1720 1280 ἀφα-

243 1286 339 1346 νής,
378 1286 405 1346 ἦ
438 1284 630 1343 ἄσημος,
671 1289 776 1331 sicut
807 1290 851 1330 in
879 1289 1078 1345 auspiciis
1107 1289 1318 1332 silentium
1345 1287 1422 1346 τὴν
1447 1285 1531 1335 οὒκ
1560 1286 1720 1345 ἐπιση-

242 1355 409 1409 μασίαν
449 1354 687 1410 significare
727 1355 899 1398 videtur.
957 1353 1143 1410 Denique
1178 1368 1262 1399 non
1295 1356 1478 1410 ignotum
1515 1354 1718 1399 habemus

243 1424 287 1465 in
318 1422 415 1465 aliis
443 1435 606 1478 quoque
636 1422 792 1478 linguis
821 1421 1031 1465 vocabula
1058 1421 1187 1472 lucis,
1224 1421 1380 1465 coloris
1419 1427 1461 1464 et
1490 1423 1584 1466 soni
1614 1423 1722 1466 inter

245 1501 292 1531 se
325 1490 567 1533 commutari
603 1502 642 1531 v.
676 1488 843 1532 Grimm.
876 1488 1056 1531 Gramm.
1087 1487 1138 1530 Τ.
1166 1486 1216 1531 ΙΙ.
1243 1487 1312 1532 86.
1370 1487 1521 1532 Verum
1561 1488 1639 1532 illa
1667 1488 1728 1534 de¹

245 1553 499 1612 λειριόεσσα
520 1553 720 1598 dubitatio
737 1558 914 1612 pertinet
943 1556 996 1599 ad
1019 1555 1106 1598 alia
1124 1569 1208 1598 non
1236 1568 1382 1613 pauca,
1413 1569 1583 1613 quorum
1601 1557 1721 1612 origo

246 1623 425 1665 evanuit.
483 1620 587 1673 Quis
618 1623 727 1664 enim
757 1622 953 1666 decernat
991 1622 1087 1679 quid
1124 1624 1259 1677 magis
1293 1623 1457 1680 proprie
1487 1622 1638 1666 dictum
1667 1625 1722 1666 sit

245 1688 367 1742 μέθυ
405 1686 541 1745 λαρόν
573 1701 627 1732 an
658 1685 773 1746 ὀδμὴ
812 1687 949 1745 λαρός
989 1702 1044 1732 an
1081 1689 1190 1746 quod
1223 1688 1432 1734 Hesiodus
1462 1689 1563 1749 dixit
1591 1689 1723 1746 λαροὶ

247 1753 387 1805 πόδες
415 1754 495 1799 hoc
526 1762 590 1799 est
618 1753 662 1798 οἱ
691 1752 794 1798 κατ)
834 1750 944 1812 ὄψιν
977 1752 1099 1814 ἡδεῖς
1128 1754 1271 1800 Schol.
1302 1756 1441 1814 Apoll.
1470 1755 1502 1799 I.
1532 1755 1629 1800 456.
1667 1756 1720 1799 cf.

247 1820 427 1865 Hecker.
445 1822 499 1866 ad
516 1821 684 1866 Anthol.
701 1836 738 1879 p.
753 1821 822 1865 41.
879 1821 1038 1879 Quippe
1068 1822 1170 1866 latet
1191 1830 1355 1878 etymon
1377 1824 1594 1876 nominis3¹
1613 1823 1722 1879 quod

249 1889 287 1932 si
318 1902 345 1932 a
374 1890 452 1941 λῶ,
482 1896 525 1932 ut
552 1888 818 1932 Scholiastae
840 1889 995 1945 -placet,
1024 1889 1255 1933 derivatum
1284 1896 1360 1940 est,
1390 1889 1543 1933 nullius
1573 1902 1722 1933 sensus

246 1957 454 2012 proprium
487 1956 570 1999 dici
599 1962 734 2012 potest
762 1956 838 1998 sed
866 1955 1066 2010 generale
1097 1962 1140 1998 ut
1169 1953 1288 2014 ἡδύς,
1317 1957 1427 2013 quod
1454 1955 1580 2000 latius
1610 1962 1724 2013 patet

249 2034 373 2078 quam
406 2019 583 2076 γλυκύς,
622 2035 717 2063 nam
749 2019 887 2071 πόδες
915 2022 1088 2076 γλυκεῖς
1114 2035 1235 2065 nemo
1267 2022 1427 2065 dixerit.
1485 2025 1661 2080 Μῶρος
1685 2023 1723 2066 si

250 2101 343 2132 cum
373 2083 571 2143 ἀμαυρός
603 2093 643 2130 et
675 2083 870 2144 ἀμυδράς
899 2089 1187 2143 cognationem
1216 2087 1354 2139 habet,
1382 2089 1546 2145 proprie
1575 2091 1724 2133 obscu-

247 2167 338 2198 rum
368 2153 586 2209 significat,
617 2154 690 2197 sed
721 2154 830 2197 idem
858 2154 910 2196 ad
936 2160 1100 2209 gustum
1128 2154 1325 2212 refertur:
1351 2156 1502 2212 μῶρον
1537 2155 1726 2200 καλοῦσι

251 2220 328 2265 καὶ
357 2220 408 2264 τὸ
440 2218 582 2276 ἀμβλὺ
617 2222 778 2277 βρῶμα
807 2219 977 2264 Photius
1015 2233 1042 2264 a
1070 2219 1285 2266 Meinekio
1317 2227 1529 2265 correctus
1557 2219 1721 2277 Fragm.

344 2401 401 2447 19)
437 2401 618 2438 Homerus
653 2394 745 2437 αὖον
776 2399 901 2437 ἀῦτεῒν
939 2407 975 2437 et
1009 2403 1222 2450 καρφαλέον
1258 2400 1372 2438 ι’έῦσεν
1405 2402 1611 2449 usurpavit,
1648 2412 1724 2439 non

254 2458 352 2504 quod
378 2459 414 2494 in
439 2458 539 2494 sonis
562 2458 738 2494 sentiatur
760 2458 904 2493 siccitas
926 2458 994 2494 sed
1024 2458 1209 2505 epitheton
1234 2471 1257 2494 a
1280 2459 1494 2505 corporibus
1517 2458 1621 2494 siccis
1650 2470 1724 2494 mu·

252 2521 385 2559 tuatus,
411 2526 504 2561 quae
528 2515 657 2551 collisa
679 2515 774 2550 inter
796 2525 837 2550 se
860 2514 1042 2562 fragorem
1069 2515 1199 2559 edunt3
1223 2514 1414 2552 Lucretius
1437 2526 1563 2552 sonum
1588 2514 1722 2551 aridum

252 2577 289 2606 et
314 2571 480 2618 fragilem
503 2572 671 2607 nominat.

344 2649 405 2695 20)
441 2650 562 2687 Schol.
592 2649 739 2685 Lucian.
763 2649 916 2696 Lexiph.
943 2650 972 2697 §-
995 2650 1028 2687 9.
1051 2648 1384 2699 λεῒρον-κόσμον
1406 2654 1637 2696 γυναικεῖον,
1661 2650 1722 2686 καὶ

243 2704 405 2754 Ὅμηρος
437 2705 663 2757 λειριόεσσαν
696 2709 799 2754 φησί.
847 2708 960 2744 Aliter
983 2707 1114 2744 Suidas
1136 2705 1353 2756 Λειριόεντα
1383 2705 1505 2744 ἁπαλὰ
1536 2705 1638 2756 παρὰ
1658 2704 1723 2753 τὴν

251 2761 421 2808 λειότητα.
