1728 3120
393 157 497 201 Gn.
530 156 594 200 Vl.
658 157 726 200 DE
766 157 965 202 VERBIS
1003 157 1057 202 IN
1085 151 1161 215 ἦ.
1419 165 1510 210 191

67 268 89 274 “
145 267 240 316 ἆέω,
270 276 312 315 et
341 265 473 328 ἶίημι,
502 283 741 328 quanquam
769 268 860 316 ἆέω
890 285 1053 329 quoque
1088 273 1247 318 tollitur
1274 275 1515 332 imperfecto

32 365 34 367 -
173 337 220 381 in
249 336 356 394 διάη
387 344 553 389 mutato,
585 338 759 382 alterum
790 338 846 382 ‘lm
876 340 986 382 unde
1017 343 1289 398 compositum
1320 339 1446 399 ἀφίει
1476 350 1518 386 et

52 392 59 452 ,'
86 393 108 452 ’,
149 417 188 448 v.
220 402 333 448 Diss.
352 403 382 447 l.
414 405 451 460 ᾗ.
471 404 512 448 4.
544 403 621 450 ἱέω
651 419 690 448 v.
710 405 823 449 Diss.
845 405 912 448 Vl.
945 406 981 462 ᾗ.
1009 408 1046 450 1.
1079 415 1120 452 et
1148 407 1259 465 ἵημι,
1293 410 1403 462 quod
1432 423 1517 454 non

52 483 55 516 j
102 467 324 516 ‘thetioum
353 472 442 516 iota
463 471 589 516 habet
619 479 662 515 ut
688 471 842 529 ἵστημι
873 481 913 516 et
941 472 1150 530 ἵπταμαι,
1179 489 1278 519 nam
1305 476 1386 520 hoe
1416 491 1518 521 con-

92 539 140 577 ''·:
176 538 301 583 modo
338 541 600 598 anteponitur
635 540 704 583 vel
744 540 919 598 simplex
958 542 1026 584 vel
1057 556 1148 586 cum
1180 557 1369 588 consona
1396 544 1517 588 verbi

117 618 162 650 a
197 607 480 662 conjunctum,
519 607 595 650 sed
624 609 827 658 nativum,
866 610 948 651 nisi
987 611 1150 666 origine
1186 613 1301 668 prius
1334 611 1411 655 fuit
1442 611 1517 664 ἕω,

48 675 59 704 ἒ
175 673 405 718 simulacra
434 681 528 718 sunt
558 674 741 718 sutura‘
722 673 841 733 η’σω,
873 671 1034 733 ἀνήσω,
1065 674 1222 722 ἃνέσω.
1281 678 1403 722 Haud
1431 679 1519 722 dis-

30 754 33 758 ’
87 740 157 789 ili
185 742 347 786 ratione
377 755 469 785 cum
500 742 598 786 θέω
629 741 822 798 (τίθημι)
854 749 1016 786 constat
1055 744 1194 802 Θίημι
1221 749 1361 796 ποιῶ,
1406 748 1519 804 Θιῆ-

58 802 59 806 ’
90 827 92 832 ·
134 810 328 866 ποιῆσαι
363 807 463 852 Hes.
486 812 526 862 ³)
566 811 683 865 eujus
722 822 926 866 praesens
966 823 1050 853 non
1088 810 1204 854 aliud
1240 812 1341 868 fingi
1383 820 1519 894 potest

124 902 139 914 ι.
179 875 309 920 safico.
367 874 431 919 Ex
458 876 610 920 iisdem
638 875 858 920 vocalibus
887 875 1069 920 conflata
1101 885 1196 921 sunt
1234 877 1313 922 είω
1350 896 1399 922 το
1431 896 1519 924 πο-

36 946 47 982 ss
81 940 220 998 ὀμαι
238 949 278 985 et
309 937 414 998 εἶμι,
444 943 554 1000 quod
585 945 622 986 si
651 945 824 987 interius
845 951 1090 995 scrutamur,
1123 945 1371 1002 relinquitur
1393 960 1516 989 unum

71 1031 87 1042 *-
111 1017 278 1054 entum
314 1010 383 1055 vel
427 1010 592 1068 epsilon
636 1007 695 1054 ἔω
727 1010 798 1054 vel
827 1012 915 1054 iota
953 1008 1031 1062 ἴω,
1066 1025 1104 1054 v.
1136 1010 1312 1055 Dissert.
1343 1012 1375 1056 I.
1410 1014 1447 1068 ς.
1475 1013 1516 1057 4.

59 1083 94 1115 3..
133 1077 282 1120 harum
296 1077 509 1124 vocalium
538 1083 630 1120 utra
657 1077 930 1135 principalior
949 1080 1015 1130 sit,
1045 1078 1158 1122 haud
1187 1081 1292 1123 satis
1313 1083 1517 1124 convenit.

63 1164 86 1202 ῃ·
129 1143 209 1188 illo
234 1143 466 1188 derivatum
493 1151 559 1187 est
585 1145 870 1202 imperfectum
900 1138 1004 1188 Εἶεν
1038 1143 1281 1202 ἐπορεύετο
1308 1146 1408 1191 Hes.
1442 1166 1519 1192 κα-

24 1251 52 1264 ,,
78 1222 122 1264 ρ’
167 1209 340 1258 Hesiod.
371 1209 442 1263 Sc.
469 1210 567 1255 254.
597 1218 637 1254 et
665 1209 805 1268 Εἴημι
834 1209 1088 1270 πορεύομαι
1115 1211 1215 1256 Hes.
1248 1228 1420 1271 quorum
1451 1230 1521 1260 se-

120 1291 206 1322 um
234 1285 374 1322 tamen
402 1278 490 1323 alio
519 1285 648 1322 mutat
666 1277 942 1331 Hermannus,
972 1281 1148 1336 primum
1174 1288 1214 1325 et
1242 1284 1405 1326 tertium
1435 1298 1519 1328 non

54 1346 66 1357 ”
92 1366 96 1384 2
135 1346 233 1391 loeo
272 1347 470 1404 scriptum
507 1353 572 1390 est
608 1346 684 1390 sed
714 1354 809 1404 post
836 1344 1134 1405 Εἰθύφαλλος
1171 1348 1210 1392 h.
1239 1362 1276 1392 e.
1301 1345 1449 1408 Ἰθύφ.
1481 1359 1522 1395 et

44 1405 172 1469 “911⁵
201 1416 408 1458 oomctio
438 1411 503 1458 ἴεν
533 1420 574 1458 et
601 1411 723 1470 ἷήμι,
767 1417 885 1471 quus
925 1421 1080 1458 certum
1116 1416 1313 1460 indicium
1347 1418 1522 1475 praebet

23 1471 89 1549 nam*
113 1482 254 1526 itivus
273 1477 390 1526 ἱέναι
416 1487 457 1524 et
486 1482 692 1538 optativus
723 1478 837 1539 ἷειήν
854 1480 973 1526 Ηοιιι.
1004 1484 1140 1526 minus
1155 1490 1312 1527 certum
1340 1486 1522 1530 medium

31 1571 73 1588 ·.
106 1564 168 1593 αι.
224 1547 274 1592 Id
301 1550 414 1592 enim
441 1547 628 1606 plerique
660 1548 872 1592 doctorum
906 1557 1132 1606 praeeunte
1155 1550 1367 1596 Brunckio
1397 1552 1522 1607 ἵεμαι

101 1615 219 1660 ibunt
255 1617 356 1673 quia
388 1615 433 1659 id
472 1628 557 1659 non
584 1622 669 1659 tam
705 1616 831 1658 eundi
866 1616 1214 1672 significationem
1243 1618 1370 1662 habet
1398 1633 1523 1677 quam

20 1750 361 1800 '{,·1landantur
394 1749 448 1793 ab
479 1747 691 1793 Ellendtio
724 1751 766 1793 in
794 1748 896 1794 Lex.
930 1750 1059 1808 Soph.
1089 1751 1140 1795 T.
1156 1751 1187 1794 I.
1209 1753 1305 1796 507.
1347 1753 1523 1799 Veteres

28 1826 131 1868 saro
159 1825 376 1876 utramque
417 1817 554 1862 eidem
584 1817 805 1873 assignant
838 1818 966 1863 verbo
997 1826 1037 1862 et
1070 1819 1167 1863 hinc
1210 1822 1335 1864 etiam
1370 1836 1524 1866 nomen

20 1907 104 1950 »ι
130 1891 219 1930 ton
248 1883 373 1942 ἶότης
399 1891 605 1942 repetunt,
645 1881 791 1942 ἰότητι
825 1883 947 1944 ὁρμῆ
977 1885 1103 1943 παρὰ
1131 1886 1180 1931 τὸ
1215 1885 1330 1932 ἰέναι
1356 1888 1456 1934 Sch.
1476 1890 1525 1933 Il.

38 1951 155 2033 ΙΧζ
182 1952 224 1997 Θ.
268 1949 414 2009 ἰότητι
449 1950 876 2012 γάμων-πορείᾳ,
922 1948 1057 2010 ἤγουν
1088 1954 1133 1998 ἐν
1170 1953 1343 2013 συνόδῳ
1373 1957 1525 2012 γάμων

189 2018 241 2064 τὸ
271 2015 387 2064 ἰέναι
410 2017 510 2064 Sch-
527 2018 676 2063 Aesch.
692 2018 829 2064 Prom.
843 2020 941 2064 558.
972 2018 1097 2077 ἱότης
1127 2021 1255 2080 παρὰ
1282 2022 1331 2065 τὸ
1365 2021 1523 2068 ιἐσθαι

37 2078 87 2125 ”x
162 2085 259 2138 473,
287 2087 326 2131 7.
355 2099 435 2130 nec
464 2087 658 2131 dissentit
689 2086 953 2131 Herodianus
987 2104 1036 2131 π.
1069 2091 1187 2132 Μον.
1221 2090 1289 2133 33.
1324 2094 1403 2134 etsi
1432 2092 1525 2135 nul-

157 2162 270 2200 extat
306 2169 459 2200 nomen
498 2158 542 2200 in
581 2173 686 2215 οτης
731 2171 757 2201 a
795 2157 925 2201 verbo
962 2158 1193 2202 traductum
1223 2173 1260 2203 v.
1292 2160 1347 2203 ad
1373 2160 1525 2205 Buttm-

21 2221 135 2277 5119.
157 2238 214 2257 -’-
255 2225 427 2277 Κεῒμαι
453 2230 639 2268 veterum
676 2224 867 2268 nonnulli
906 2238 929 2268 e
963 2242 1008 2269 κε
1014 2241 1123 2279 ομαι
1154 2228 1217 2270 sic
1257 2233 1300 2270 ut
1335 2229 1465 2273 πλεῖν
1501 2245 1524 2273 e

24 2291 209 2372 puer
199 2297 468 2341 contractum,
498 2290 574 2334 alii
603 2305 656 2334 ex
679 2291 858 2346 κείομαι
877 2294 1091 2336 concisum
1118 2293 1260 2337 volunt
1289 2308 1344 2338 ea
1361 2298 1524 2341 ratione

27 2363 122 2419 lgm}
157 2355 315 2413 οἴομαι
358 2351 488 2412 οἶμαι
527 2356 664 2401 Cram.
694 2357 746 2401 11.
787 2358 882 2402 146.
924 2358 1196 2404 Buttmannus
1234 2362 1395 2406 νει-01.
1424 2363 1524 2407 492

27 2426 261 2490 §perfeetum
286 2438 383 2468 esse
420 2427 563 2468 statuit
591 2426 921 2483 reduplicatione
957 2428 1161 2483 privatum
1194 2429 1417 2484 κέκειμαι,
1457 2435 1522 2476 cui

129 2540 168 2586 3)
194 2538 354 2586 ’Ἑθηκεν
385 2540 472 2575 ἕποι’
456 2550 579 2585 ιησεν,
613 2539 684 2587 ἀφ’
723 2532 767 2575 οὑ
803 2542 865 2574 καὶ
899 2537 1043 2580 ι”ὶέσις
1025 2555 1046 2585 η
1073 2544 1218 2586 ποίησις
1241 2542 1334 2589 παρ’
1371 2543 1469 2580 ’Λλκι
1468 2551 1525 2592 cto

23 2563 127 2648 m.
141 2596 221 2642 319,
239 2596 296 2632 30.
327 2594 441 2645 Θετήρ
469 2595 631 2643 πράκτης
647 2597 734 2632 Hes.
760 2597 802 2632 Si
828 2601 958 2644 θείημι
982 2597 1154 2643 scriptum
1185 2605 1294 2643 esset,
1321 2611 1402 2636 cum
1427 2606 1525 2650 εἴημι

18 2625 265 2702 'banniret
312 2653 459 2690 Pariter
483 2654 661 2690 fluctuant
684 2653 812 2699 ἒανόν,
847 2651 991 2700 εϊανόν,
1024 2652 1130 2690 ἰανόν
1160 2667 1182 2689 a
1208 2655 1315 2691 simili
1347 2658 1525 2707 principio

24 2707 89 2754 »fi
111 2711 246 2758 ἕννυμε
267 2712 395 2756 dueta,
419 2718 456 2747 et
478 2713 563 2752 δέος
586 2713 715 2759 δίομαι
739 2713 899 2757 δείομαι.
944 2709 1054 2757 ’[ήιης
1078 2710 1240 2757 τοξότης,
1267 2711 1411 2758 ὶοβόλος
1438 2716 1524 2752 Hes

25 2760 72 2811 'fl
87 2775 139 2804 et
160 2768 307 2815 spiritns
337 2775 375 2805 et
398 2775 569 2804 accentus
596 2775 695 2805 recte
722 2781 763 2804 se
789 2768 918 2813 habet,
954 2769 1193 2815 compositum
1219 2775 1275 2805 est
1300 2777 1338 2807 ut
1361 2775 1523 2821 ῖαφέτης,

20 2823 72 2863 'bl
93 2825 193 2871 ἱηιής
213 2826 420 2870 scribimus,
451 2837 529 2861 curn
556 2828 635 2873 ἴημι
662 2823 786 2871 (ἱήσω)
811 2827 981 2863 convenit
1005 2826 1050 2863 cs.
1076 2825 1192 2862 Proll.
1219 2826 1296 2864 397.
