1728 3120
426 147 530 192 CAr.
559 146 588 190 1.
647 147 719 190 DE
752 146 949 192 VERBIS
979 148 1154 194 PURIS.
1441 156 1538 203 197

210 279 216 298 1
236 260 376 312 titur,
409 257 595 317 ἆγιστής
623 262 809 317 ignotum
838 268 903 305 est
930 276 1015 306 non
1048 265 1184 307 minus
1214 275 1337 321 quam
1367 263 1536 322 ξενίτης

112 324 228 402 -Ὶ’··ι1
269 343 303 378 ς,
327 327 404 371 sed
421 327 503 372 hoc
521 327 667 384 colligi
688 335 832 404 potest·
841 343 892 372 ex
919 329 1119 374 feminino
1146 326 1366 387 Ἰρήτειρα
1391 329 1535 390 ιέρεια

132 395 235 439 cui
261 407 415 439 vereor
440 407 493 439 ne
509 393 747 452 Stephanus
777 396 930 451 inJuria
959 397 1203 454 praetulerit
1234 393 1465 454 ἅρητειρα,
1493 406 1534 442 et

100 452 379 518 ffljecfivo‘
361 459 598 520 ιερατικός.
657 461 764 506 Hinc
790 463 1018 520 profectum
1049 472 1114 508 est
1153 461 1418 521 ιερατεύειν,
1456 479 1532 523 pro

161 529 388 586 scriptores
427 530 586 586 antiqui
620 537 661 574 et
698 531 813 573 attici
854 537 1019 574 utuntur
1053 533 1262 589 primitivo
1300 528 1531 587 ιερᾶσθαι.

114 595 284 640 simile
321 596 486 641 videtur
522 609 673 640 nomen
707 598 976 652 magistratus
1014 598 1196 643 boeotici
1230 614 1273 641 οι
1313 594 1532 656 ἀφεὸρια-

90 671 254 716 *sansg-
305 660 582 721 Ἐραστεύειν
620 666 835 722 usurpavit
873 664 1114 721 Aeschylus
1151 679 1236 710 non
1277 664 1363 709 alio
1401 679 1530 709 sensu

136 752 150 769 τι
183 729 308 790 ε’ρᾷν.
368 729 570 774 Nimirum
604 733 714 789 quod
754 734 798 775 in
834 745 881 774 re
919 739 960 775 et
999 740 1150 776 natura
1178 734 1357 790 positum
1396 739 1460 776 est
1487 740 1529 776 ut

92 808 269 854 nyma
284 804 533 856 potestatem
554 798 736 843 habeant
760 800 898 854 magis
918 799 1234 843 determinatam
1254 812 1377 856 quam
1397 800 1529 844 verba

36 300 43 409 1

34 429 107 597 1ξ’

119 864 273 909 suibus
310 869 645 923 praecurrentia,
686 867 730 910 id
761 866 916 910 Graeci
954 867 998 908 in
1037 866 1215 910 dicendo
1250 879 1334 909 non
1373 866 1526 923 ubique

96 986 100 992 J
127 952 136 970 ·-
176 939 274 976 Qant
332 932 603 990 Longissimo
623 934 790 991 quidem
819 931 1042 976 intervallo
1063 933 1271 988 disjuncta
1300 939 1394 976 sunt
1420 936 1527 986 βου-

48 1042 76 1064 ;
85 1004 251 1045 εσθαι
287 1007 330 1044 et
363 1000 632 1056 βούλεσθαι,
670 1000 953 1058 πειρατεύειν
991 1005 1033 1042 et
1071 1002 1350 1057 πειρᾶσθαι,
1396 1000 1527 1043 δυνα-

46 1067 53 1083 ”
78 1066 205 1112 εύειν
244 1074 286 1111 et
323 1065 568 1117 δύνασθαι,
606 1064 832 1124 κλητεύειν
873 1073 914 1109 et
951 1066 1121 1118 καλεῖν,
1156 1065 1456 1121 μισθωτεύειν
1485 1074 1526 1110 et

45 1179 52 1195 ,Ι
96 1135 241 1185 θοῦν,
270 1129 600 1192 ἇρεσκεύεσθαι
628 1141 668 1178 et
693 1131 910 1192 ἀρέσκειν,
941 1134 1018 1177 sed
1046 1136 1181 1177 minus
1210 1133 1337 1189 longe
1363 1147 1390 1177 a
1415 1136 1524 1187 μνᾶ-

108 1218 148 1246 ι
175 1202 300 1245 distat
333 1197 614 1258 μνηστεύειν,
657 1203 735 1245 etsi
776 1201 858 1245 hoc
894 1202 1061 1258 proprie
1099 1201 1251 1244 dicitur
1286 1201 1337 1244 de
1367 1202 1420 1244 iis
1451 1203 1523 1258 qui

22 1247 103 1337 ἴε
133 1281 248 1312 erem
269 1267 467 1319 ambiunt,
495 1267 601 1311 illud
630 1270 768 1325 magis
785 1269 994 1320 universe,
1024 1269 1216 1326 idemque
1236 1281 1263 1311 a
1283 1267 1523 1325 ληΐζεσθαι

116 1342 171 1380 ιε
195 1333 444 1396 ληστεύειν,
473 1334 527 1379 ab
555 1331 758 1379 ἀλᾶσθαι
788 1331 1034 1391 ἀλητεύειν,
1066 1349 1093 1379 3
1122 1333 1359 1393 κηρύσσειν
1388 1351 1523 1392 κηρυ-

81 1401 197 1455 ειν,
226 1403 303 1448 sed
334 1409 504 1461 propter
531 1416 789 1447 communem
816 1409 947 1447 ortum
975 1409 1258 1460 permutantur
1284 1415 1368 1446 non
1398 1415 1519 1453 raro3

20 1449 61 1485 ι’
82 1468 267 1517 θύουσι
294 1469 531 1527 Hesychius
558 1471 850 1527 interpretatur
877 1470 1095 1524 τέμνουσι,
1126 1466 1366 1514 οἶκετεύειν
1399 1468 1521 1512 Euri-

20 1517 42 1553 ¹¹¹
74 1552 149 1583 es
188 1538 292 1582 dixit
322 1551 400 1595 pro
431 1535 594 1587 οἰκεῖν,
631 1550 707 1594 pro
745 1533 869 1580 ἀλεῖν
898 1535 1104 1580 Homerus
1135 1532 1412 1594 ἆλετρεύειν,
1451 1539 1519 1581 cui

19 1585 54 1620 ι
85 1605 142 1651 od
166 1605 403 1662 respondet
417 1618 570 1648 nomen
599 1601 757 1660 ἆλέτης
786 1603 926 1646 multis
953 1603 1161 1647 aetatibus
1191 1611 1285 1660 post
1313 1605 1355 1647 in
1381 1604 1517 1649 lucem

63 1673 176 1725 adit,
204 1672 282 1716 sed
309 1674 436 1716 etiam
466 1671 520 1716 31)
538 1672 737 1716 inusitato
768 1666 955 1727 δέλετρον
977 1671 1160 1714 derivari
1188 1672 1320 1727 potuit
1347 1677 1390 1714 ut
1419 1666 1518 1715 όλε·

18 1665 82 1795 ‘'J'J
100 1765 109 1781 ι
178 1735 435 1799 ὄλοθρεύω,
477 1734 668 1796 ἄροτρον
697 1734 947 1814 ἇροτρεύω,
988 1733 1210 1797 όφελτρον
1246 1735 1518 1796 οφελτρεύω,

16 1787 63 1826 '³
104 1824 209 1867 ρον
224 1803 468 1865 λιστρεύω.
524 1804 766 1862 Eademque
791 1805 967 1860 originis
999 1805 1248 1863 disceptatio
1276 1807 1450 1849 iteratur
1473 1807 1517 1848 in

15 1853 115 1925 ta·
109 1876 166 1920 is
192 1875 519 1933 perispomenis;
548 1869 642 1917 ἀπὸ
673 1875 754 1916 τοῦ
784 1869 1037 1929 ελήλασμαι
1065 1870 1251 1917 ἕλαστον
1276 1872 1352 1916 καὶ
1380 1873 1515 1916 πλεο-

14 1935 94 2010 n:
87 1947 179 2004 μῷ
208 1946 289 1988 τοῦ
317 1961 346 2003 ρ
376 1941 592 2002 ἓλαστρον
611 1941 687 1986 καὶ
717 1940 767 1986 ἐκ
786 1939 948 1985 τούτου
974 1939 1221 1998 ελαστρέω·
1252 1939 1282 1999 ἢ
1311 1938 1405 1985 ἀπὸ
1435 1945 1517 1986 τοῦ

13 2012 37 2073 ‚⁴
68 2062 73 2066 J
116 2009 214 2069 τής
242 2011 445 2068 ἐλαστρῶ
475 2005 537 2062 ὥς
569 2006 768 2066 βοαστής
798 2010 1004 2066 βωστρῶ,
1044 2007 1257 2065 καλιστής
1290 2008 1514 2066 καλιστρῶ

104 2079 231 2130 325,
245 2078 316 2122 32.
344 2077 494 2134 quibus
517 2075 654 2120 simile
675 2083 843 2132 etymon
870 2074 1107 2131 fingendum
1136 2075 1276 2119 estad
1299 2075 1514 2133 explican-

59 2196 67 2203 J
91 2143 435 2203 ιβληστρίζειν.
493 2143 528 2186 Α
567 2143 778 2186 femininis
814 2143 1001 2199 eJusdem
1040 2143 1336 2187 declinationis
1357 2142 1511 2186 Home—

70 2232 85 2251 -ε
132 2213 338 2256 derivavit
366 2209 569 2267 λωβεύω,
613 2207 860 2264 πομπεύω,
899 2208 1153 2259 τολυπεύω,
1193 2211 1312 2265 quus
1343 2211 1511 2253 nomine

62 2280 225 2331 =stinet3
254 2278 384 2323 Attici
401 2284 645 2334 receperunt
670 2274 954 2326 θαλασσεύω,
977 2275 1163 2330 μαιεύω,
1193 2274 1411 2334 πορνεύω,
1440 2277 1512 2320 δε-
1552 2290 1555 2291 ’

59 2373 65 2398 f
105 2343 214 2400 εύω,
242 2341 578 2401 πεντηκοστεύω
606 2350 684 2387 etc.
752 2342 853 2398 Ejus
877 2345 1060 2398 generis,
1093 2343 1203 2400 quod
1225 2356 1252 2387 a
1273 2343 1511 2387 nominibus

57 2413 232 2460 undae
259 2412 553 2457 declinationis
577 2417 709 2455 ortum
734 2410 858 2460 ducit,
888 2410 960 2454 ille
985 2411 1177 2468 exempla
1200 2410 1381 2468 plurima
1410 2425 1510 2467 sup·

86 2482 180 2526 ftat
207 2477 449 2537 δαιτρεύω,
478 2475 715 2536 λιστρεύω,
746 2475 980 2526 λιτανεύω,
1015 2474 1170 2527 ὁὸεύω,
1198 2474 1407 2528 ὀίστεύω,
1435 2494 1510 2521 το-

26 2512 69 2605 ’ἔξ-Τ
85 2545 159 2599 ’ω,
196 2545 392 2606 φυτεύω,
430 2559 603 2604 quorum
633 2545 814 2588 omnium
848 2545 1018 2587 nomina
1054 2544 1162 2600 apud
1192 2557 1286 2587 eum
1316 2543 1512 2599 leguntur

81 2621 189 2659 eter
202 2611 258 2658 τὰ
272 2612 442 2658 λίτανα.
484 2611 709 2657 Numerum
723 2611 863 2654 multis
880 2610 1068 2668 partibus
1084 2617 1284 2654 auxerunt
1301 2611 1511 2667 insequuti

6 2695 13 2707 ‘
60 2682 269 2739 '‘ptores:
301 2677 506 2738 ἶατρεύω,
529 2676 799 2735 μεταλλεύω,
825 2673 1041 2732 μοσχεύω,
1062 2675 1294 2729 νεοσσεύω,
1321 2673 1509 2733 ὂγμεύω,

21 2799 25 2802 ,
51 2746 240 2802 οσσεύω,
271 2745 460 2806 φονεύω,
487 2744 671 2806 χορεύω,
702 2759 777 2802 pro
807 2758 888 2802 quo
918 2743 1123 2790 Homerus
1154 2739 1367 2800 ὃρχέομαι
1395 2743 1507 2789 dicit.

32 638 87 683 11-

31 704 56 768 t}

30 750 97 822 11

29 837 83 883 1

28 909 52 948 Ι

28 975 56 1018 1

26 1110 32 1152 1

12 2121 35 2152 ι

11 2182 19 2223 i

10 2252 15 2290 1

8 2324 18 2378 ⁵,

8 2387 22 2432 k
