1728 3120
220 209 321 257 278
641 203 1100 249 DISSERTATIO
1145 203 1274 248 XVII.

223 326 263 363 et
301 316 525 372 adjectiva:
558 311 671 359 ''Idot
709 313 967 374 ὀφθαλμοί,
1006 314 1168 368 Λάκος
1206 310 1312 374 ἦχος
1338 314 1437 361 Hes.
1476 316 1619 377 θορός
1655 328 1695 362 et:

224 386 408 440 θοῦρος,
436 377 635 433 ὅλισθος,
666 379 771 434 ὀλός
799 385 827 424 i.
858 396 896 439 q.
927 379 1072 436 ὀλοός,
1102 380 1243 442 φυγός
1271 396 1311 428 v.
1342 382 1398 427 ad
1424 381 1573 440 Phryn.
1594 383 1692 428 434..

229 448 315 492 Sed
343 450 432 505 ⁸iam
463 451 633 505 propius
670 450 920 506 propiusque
961 450 1196 493 accedimus
1240 448 1294 492 ad
1321 462 1415 493 eam
1442 456 1621 508 purtem,
1651 452 1695 494 in.

227 529 310 572 qua
329 514 542 559 anomalia
571 515 823 567 dominatui-3
852 528 959 572 quae
987 516 1151 578 lenibus
1178 529 1278 559 orsa
1296 517 1511 575 principiis
1540 520 1696 561 sensim

224 583 284 625 ita
320 583 575 638 ingravescit
612 589 655 625 ut
691 582 845 625 nullius
885 582 1057 638 regulae
1093 583 1271 627 vinculis
1307 583 1510 641 adstringi
1549 586 1693 642 possit..

222 647 301 692 Hic
329 650 501 706 primum
531 649 607 692 sub
639 649 877 706 adspectum
905 651 1016 693 venit
1045 650 1203 706 systole
1230 650 1393 694 vocalis
1429 652 1671 709 principalis
1684 668 1694 694 :2

223 716 387 768 πλυνὸς
415 717 641 762 συστέλλει
670 717 718 760 τι)
741 709 788 762 ἶ)-
806 717 1001 774 καίτοιγε
1019 718 1069 762 τὸ
1098 717 1247 763 πλύνω
1274 718 1455 764 ἐκτείνει
1470 718 1693 764 Herodian..

223 785 341 826 Μον.
372 797 411 840 p.
441 784 508 827 33.
537 798 670 841 neque
705 798 827 828 secus
857 783 993 841 τρίβω
1023 783 1196 842 τρίβος,
1237 785 1354 843 ξύρω
1384 783 1517 843 ξυρός
1554 794 1596 831 et
1623 786 1697 839 §v-

223 848 313 904 ρόν,
345 850 419 893 sed
449 849 529 895 hoc
559 849 700 895 Schol.
731 851 778 894 ll.
808 850 862 894 X.
893 852 988 894 113.
1016 853 1134 895 metri
1172 865 1304 896 causa
1333 858 1564 910 correptum
1597 853 1696 897 dicit

223 922 265 958 et
281 916 490 960 Arcadius
509 917 760 975 Photiusque
777 918 945 975 ypsilon
963 918 1131 975 longum
1153 918 1309 962 habere
1329 917 1547 971 affirmant,
1574 918 1697 964 Moe-

223 983 287 1029 ris,
306 996 460 1040 anceps
489 991 527 1027 et
558 985 754 1028 mutabile
785 998 859 1042 pro
884 986 1043 1028 ratione
1065 985 1256 1029 dialecti:
1285 987 1469 1043 μακρῶς
1496 982 1694 1039 ἇττικῶς,

221 1049 420 1105 βραχέως
449 1047 694 1108 ἑλληνικῶς.
759 1054 910 1108 Τῢφος
932 1053 1079 1105 retinet
1105 1051 1296 1096 vocalem
1316 1051 1508 1107 longam3
1541 1052 1593 1096 de
1623 1052 1698 1096 ad-

216 1116 371 1170 ‚iectivo
309 1114 569 1181 -σιυφός
596 1117 699 1160 nihil
725 1124 905 1168 constat3
945 1131 1040 1161 nam
1080 1119 1187 1176 apud
1220 1118 1448 1162 Arcadium
1475 1132 1514 1176 p.
1541 1117 1612 1163 84.
1641 1117 1696 1164 τὰ

222 1181 287 1235 εἷς
313 1199 402 1241 «pos
438 1182 682 1240 δισύλλαβα
720 1185 850 1242 κύρια
872 1189 938 1240 ¹²)
979 1183 1006 1244 ἢ
1043 1186 1346 1245 προςηγορικὰ
1381 1185 1619 1244 βαρύνεται
1655 1184 1697 1231 εἶ

222 1251 282 1309 μὴ
322 1251 628 1311 παραλήγοιτο
656 1258 721 1313 τῷ
749 1272 775 1298 υ
813 1258 968 1310 βραχεῖ
997 1252 1058 1306 ὦς
1094 1256 1263 1312 κρυφός
1293 1253 1367 1299 καὶ
1393 1253 1581 1313 στυφός,
1620 1269 1693 1314 pro

223 1318 303 1362 hoc
332 1319 578 1376 ponendum
573 1328 654 1375 ,εει
685 1321 983 1364 substantivum
1012 1318 1169 1378 συφός,
1192 1322 1258 1374 1³)
1290 1334 1342 1364 ex
1371 1333 1422 1365 eo
1456 1335 1557 1366 vero
1587 1324 1697 1380 quod

222 1383 484 1429 Herodianus
521 1403 569 1429 π.
605 1390 716 1430 Μον.
740 1387 808 1430 41
839 1387 938 1431 dicit
970 1383 1190 1443 στρυφνός
1221 1385 1388 1443 ypsilon
1423 1387 1592 1444 longum
1620 1389 1697 1433 ha

222 1450 344 1502 bere,
384 1453 587 1508 suspicari
622 1454 720 1497 licet
741 1438 943 1509 ejusdem
975 1466 1194 1496 mensurae
1232 1465 1327 1495 esse
1365 1452 1536 1512 στυφός
1570 1462 1614 1499 ut
1642 1456 1694 1499 ab

223 1517 369 1560 eodem
400 1518 529 1562 verbo
555 1518 708 1577 οτίφω
730 1521 913 1571 ductum3
943 1532 1021 1563 nec
1045 1519 1212 1562 multum
1242 1518 1379 1563 obstat
1395 1519 1506 1576 quod
1534 1522 1580 1564 in
1595 1537 1696 1566 στυ-

223 1582 430 1641 φοκόπος
456 1588 684 1642 corripitur.
742 1586 862 1630 Haud
898 1587 1032 1629 minus
1073 1587 1376 1630 inconstantiae
1405 1587 1449 1629 in
1480 1586 1696 1644 diphthon-

221 1651 312 1705 gis:
355 1648 403 1694 ἐκ
429 1654 508 1695 τοῦ
548 1651 744 1710 σκαίρειν
775 1653 848 1696 καὶ
877 1651 1085 1710 σπαίρειν
1122 1651 1400 1708 παράγονται
1426 1651 1592 1711 σκάρος
1623 1654 1697 1699 καὶ

222 1713 398 1774 σπάρος
426 1716 556 1774 Epim.
592 1717 727 1762 Cram.
752 1718 784 1761 Ι.
807 1720 903 1762 392.
935 1718 1033 1763 Sch.
1059 1718 1106 1761 ll.
1126 1717 1239 1760 XIII.
1256 1717 1353 1761 443.
1387 1718 1514 1776 alpha
1544 1726 1695 1764 utrum-

222 1795 301 1838 que
322 1791 532 1841 corrept03
564 1792 742 1828 attamen
768 1786 874 1843 apud
888 1785 1062 1828 Ennium
1082 1784 1270 1829 trochaei
1290 1797 1526 1829 mensuram
1545 1785 1695 1840 habet3

223 1850 321 1905 quin
338 1849 555 1907 dupliciter
574 1852 768 1895 scribitur
797 1850 934 1908 σαρός
953 1859 993 1895 et
1021 1849 1177 1907 σαιρός
1204 1851 1304 1895 Hes.
1347 1850 1510 1903 Μανὸς
1538 1849 1562 1896 ὁ
1590 1869 1696 1907 μαι-

223 1913 404 1968 νόμενος
437 1915 554 1961 Suid.
591 1919 794 1975 quomodo
832 1918 1184 1976 pronunciandum
1214 1919 1269 1961 sit
1296 1919 1589 1976 incompertum
1618 1919 1695 1963 ha-

221 1980 366 2024 hemus
396 1983 471 2026 sed
500 1982 643 2040 φανός
670 1986 841 2041 primam
870 1985 1043 2027 intendit
1070 1991 1110 2026 et
1137 1984 1190 2026 ab
1227 1984 1374 2027 eodem
1401 1984 1529 2028 verbo
1554 1992 1694 2029 natum

222 2053 286 2089 est
314 2045 457 2104 φηνός
494 2049 518 2090 ὃ
562 2048 770 2106 λαμπρός
799 2051 947 2093 Arcad.
974 2051 1042 2092 63.
1080 2049 1188 2092 unde
1218 2048 1360 2093 Schol.
1391 2049 1468 2094 Od.
1497 2050 1568 2094 111.
1599 2053 1695 2097 372.

223 2113 389 2169 aquilae
420 2113 666 2157 subalbidae
691 2129 840 2159 nomen
862 2114 979 2173 φήνη
1010 2117 1239 2173 impositum
1260 2123 1394 2173 putat3
1424 2117 1694 2175 similiterque

223 2178 428 2236 ἐπίξηνον
449 2180 501 2223 ad
523 2179 655 2232 ξαίνω
675 2182 858 2225 referunt
877 2181 974 2224 Sch.
1000 2181 1047 2224 11.
1062 2180 1137 2224 XI.
1153 2181 1250 2224 261.
1276 2178 1546 2239 αὖτόκρανος
1564 2181 1696 2240 λόγος

222 2245 458 2300 Aeschylus
488 2260 563 2303 pro
585 2242 823 2304 αὐτοτελής
856 2247 980 2304 alpha
1005 2254 1116 2292 certe
1147 2247 1360 2304 producto.
1416 2246 1465 2292 I'n
1494 2248 1591 2293 aliis
1619 2263 1694 2306 ge-

221 2312 400 2354 minatur
428 2326 616 2357 consona
645 2311 695 2357 ἐκ
723 2318 803 2358 τοῦ
822 2314 957 2358 σαίνω
981 2316 1208 2372 παρῆκται
1239 2311 1262 2358 ὃ
1293 2311 1453 2367 σάννας
1479 2313 1509 2372 ἢ
1537 2314 1694 2369 aomos

220 2377 408 2433 (sannio)
427 2378 539 2423 Eust.
558 2379 682 2432 1792,
708 2380 748 2423 8.
781 2394 806 2424 a
825 2380 961 2435 χαίνω
989 2379 1155 2435 χάννος,
1183 2380 1296 2437 quod
1324 2381 1459 2425 eidem
1482 2382 1693 2427 aeolicum

314 2492 372 2537 12)
407 2493 473 2528 Hic
495 2494 604 2529 inseri
629 2493 738 2530 debet
762 2490 782 2536 ἢ
809 2506 888 2529 tom
879 2491 938 2528 emt
955 2491 1116 2540 (Κύφος)
1141 2495 1238 2539 quod
1262 2496 1298 2530 in
1316 2507 1392 2541 seq.
1416 2507 1562 2532 versum
1577 2502 1691 2533 trans-

220 2549 331 2583 latum
355 2555 423 2585 est.

315 2606 372 2651 13)
406 2607 488 2642 Hoc
514 2605 737 2654 significatur
772 2607 806 2642 in
833 2607 949 2653 Epim
977 2608 1093 2643 Cram.
1120 2607 1163 2642 11.
1193 2607 1272 2643 372.
1299 2613 1336 2644 et
1359 2608 1516 2646 3851&
1547 2613 1599 2651 εἷς
1620 2625 1692 2658 (poc

218 2662 418 2709 δισύλλαβα
443 2662 551 2714 κύρια
574 2663 595 2710 ἢ
621 2680 671 2713 πρ
676 2679 817 2713 οςηγορι
808 2664 866 2700 ικᾶ
889 2670 983 2714 βαρυ
974 2663 1110 2702 'avorsa
1137 2668 1170 2701 εἰ
1192 2665 1244 2712 μὴ
1270 2668 1346 2713 ἔχοι
1371 2667 1410 2704 τὸ
1440 2683 1462 2704 υ
1492 2671 1690 2706 συνεσταλ-

218 2723 335 2766 μένον
360 2725 586 2767 σημαίνοντα
619 2721 770 2765 τοπικὴν
803 2723 950 2759 ἔννοιαν
973 2734 1042 2759 scr.
1068 2720 1089 2767 ἢ
1123 2726 1296 2769 σημαίνοι
1319 2738 1348 2761 1.
1375 2737 1403 2762 ε.
1428 2731 1466 2762 ut
1489 2724 1608 2773 συφός
1628 2738 1690 2773 pe·

218 2776 408 2814 rIecticum.
