1728 3120
217 168 314 215 102
658 162 1118 207 DISSERTATIO
1161 163 1227 208 1v.

217 279 385 323 duorum
405 276 622 319 verborum
638 273 860 331 θρώσκειν
889 283 928 319 et
950 279 1195 334 θροεῖσθαι
1224 277 1267 320 id
1295 283 1360 320 est
1377 279 1679 335 θορυβεῖσθαι

218 344 447 403 perturbari
485 342 809 398 significationes
846 343 1101 400 complexum
1138 344 1274 387 habet.
1333 343 1460 388 Aliud
1496 343 1674 400 eJusdem

220 411 400 455 auctoris
440 406 671 452 Πλώσσειν
715 408 992 467 φθείρεσθαι
1029 412 1072 453 in
1110 413 1348 455 memoriam
1393 410 1545 468 redigit
1585 409 1675 454 Eur.

216 477 368 521 Bacch.
386 476 483 519 223.
515 473 808 519 πτώσσουσαν
824 474 969 529 εὐναῖς
997 475 1187 535 ἀρσένων
1206 476 1451 536 ὑπηρετεῖν,
1480 477 1590 536 quod
1617 477 1677 521 illi

218 543 543 588 substituendum
575 543 746 585 videtur.
809 541 1107 599 Τιθαιβιόσσω
1146 545 1323 603 simplex
1351 547 1404 588 sit
1434 558 1488 590 an
1516 557 1679 602 compo-

218 614 337 655 situm
353 612 542 668 quaestio
558 617 620 652 est
650 611 986 668 impenetrabilis.
1031 610 1230 656 Κλώσσω
1258 626 1332 670 pro
1352 609 1504 667 κλώζω
1533 611 1680 655 dictum

218 687 311 722 ante
343 679 471 722 attuli.
530 677 817 734 Diphthongos
845 692 978 736 paene
1001 692 1142 722 omnes
1173 679 1225 723 ab
1255 679 1335 723 hoc
1357 692 1511 735 genere
1538 691 1682 735 segre-

218 756 290 805 gat
317 748 577 792 Herodianus
621 764 671 790 π.
701 750 818 791 Μον.
857 762 895 803 p.
925 747 994 791 40.
1036 745 1249 792 οὐδέποτε
1280 748 1370 806 πρὸ
1397 751 1484 792 τῶν
1518 745 1597 792 δύο
1623 739 1683 792 33

219 813 468 874 εὑρίσκεται
505 813 750 872 δίφθογγος
788 814 903 872 πλὴν
938 817 1018 858 τοῦ
1050 814 1262 871 κρείσσων
1297 815 1372 859 καὶ
1404 812 1574 860 λεύσσω
1610 814 1684 859 καὶ

217 880 436 938 γλαύσσω.
493 880 650 925 Eodem
690 882 812 926 modo
851 880 995 925 Schol.
1025 881 1140 925 Arat.
1174 896 1213 926 v.
1241 882 1309 925 20.
1346 879 1555 937 νίσσομαι
1590 879 1682 927 ἀπὸ

218 952 296 994 τοῦ
325 949 480 1004 νέομαι
509 965 562 992 ου
591 945 614 991 ὁ
650 948 821 1003 μέλλων
849 947 1038 1006 νήσομαι
1058 954 1122 1000 ⁴⁵)
1165 948 1417 1030 παράγεται
1448 949 1686 993 διπλασια-

219 1018 403 1070 σθέντος
439 1022 519 1062 τοῦ
548 1030 598 1060 σ·
636 1018 708 1062 καὶ
739 1018 893 1075 επειδὴ
925 1017 1012 1074 πρὸ
1043 1021 1129 1061 τῶν
1159 1015 1238 1062 δύο
1275 1034 1331 1063 σσ
1361 1013 1465 1063 ου’τε
1499 1035 1538 1062 ει
1569 1015 1687 1075 εὑρέ-

218 1102 370 1131 σκεται
412 1083 513 1131 ούτε
552 1106 578 1144 η
617 1084 657 1131 εἰ
696 1086 756 1144 μὴ
796 1087 845 1131 τὸ
878 1091 1079 1143 κρεῖσσον
1117 1087 1192 1131 καὶ
1234 1086 1283 1130 τὸ
1313 1080 1472 1144 ἧσσον·
1493 1089 1566 1143 ⁴⁸)
1610 1086 1686 1132 διὰ

218 1159 348 1201 τοῦτο
385 1156 707 1213 μεταβέβληται
745 1156 794 1200 τὸ
833 1175 860 1213 η
900 1155 964 1208 εἰς
1003 1175 1021 1200 ι
1061 1155 1213 1212 ω’σπερ
1251 1155 1326 1199 καὶ
1361 1152 1452 1200 ἀπὸ
1490 1160 1571 1201 τοῦ
1601 1154 1687 1201 ελῶ

220 1222 363 1281 ελήσω
394 1221 567 1268 ἑλίσσω.
629 1223 849 1268 Consonae
885 1223 1025 1267 nullae
1061 1223 1170 1267 hane
1203 1224 1530 1268 terminationem
1571 1231 1687 1269 ante-

222 1291 370 1336 cedere
406 1299 577 1348 possunt
604 1299 768 1348 praeter
797 1291 901 1334 duas
929 1291 1124 1348 liquidas.
1183 1289 1270 1334 Sed
1295 1290 1465 1334 lambda
1486 1295 1688 1348 reperitur

218 1360 263 1402 in
300 1372 380 1402 uno
417 1358 544 1402 verbo
576 1355 839 1402 Ἀθέλσεται
876 1361 1152 1415 παρηθεῖται
1187 1355 1434 1401 διεκλύεται
1463 1357 1581 1403 Suid.
1621 1361 1688 1403 cui

222 1428 366 1470 merito
396 1426 626 1482 praefertur
653 1425 762 1481 quod
793 1426 866 1468 alii
883 1423 1188 1481 Glossographi
1220 1423 1420 1482 praebent
1447 1421 1689 1481 ἆθέλγεται

221 1493 288 1536 vel
319 1489 559 1547 ἀθέλβεται
586 1506 623 1535 v.
651 1491 697 1534 C.
715 1491 784 1535 111.
815 1493 851 1548 ς.
870 1494 908 1536 l.
951 1493 1138 1536 Alteram
1165 1491 1414 1548 liquidarum
1444 1491 1525 1536 duo
1547 1500 1688 1537 osten·
1727 1499 1728 1515 ³

224 1560 321 1603 dunt
347 1559 477 1603 verba
503 1559 643 1615 τέρσω
675 1566 715 1602 et
742 1557 942 1616 ἓρσομαι,
972 1573 1052 1616 quo
1067 1558 1276 1602 Nicander
1302 1558 1370 1602 bis
1397 1571 1498 1603 usus
1526 1566 1588 1603 est
1613 1573 1688 1617 pro

223 1625 482 1683 ὁροσίζομαι
503 1627 590 1669 sive
622 1621 830 1682 ὄῖρδομαι.
875 1622 1033 1683 Ἄρσει
1060 1626 1282 1682 μέμφεται
1305 1632 1344 1669 et
1361 1621 1514 1683 ’Όρσω
1540 1628 1689 1682 τολμῶ

222 1693 320 1737 Hes.
341 1695 410 1747 ⁴⁷)
440 1693 535 1750 quid
553 1692 669 1736 verbi
689 1694 753 1743 sit,
782 1694 992 1736 incassum
1012 1694 1232 1749 quaeritur.
1270 1691 1412 1736 Mutae
1429 1705 1528 1737 vero
1545 1694 1688 1738 nullae

222 1762 304 1803 nisi
333 1773 439 1816 quae
478 1774 568 1803 cum
610 1762 745 1815 sigma
773 1761 815 1803 in
853 1774 975 1803 unam
1009 1760 1173 1803 literam
1202 1766 1533 1817 corrumpuntur:
1568 1757 1690 1814 αἷίξω

223 1830 311 1872 sive
342 1824 474 1879 ἀέξω,
513 1823 677 1879 ἆλέξω,
707 1824 871 1878 ὄδάξω,
903 1827 1002 1884 ἕψω
1033 1834 1073 1870 et
1101 1827 1248 1883 ὁέψω,
1289 1839 1522 1884 quanquam
1550 1826 1690 1872 Theo-

226 1897 368 1940 dosius
396 1911 434 1954 p.
457 1896 550 1939 151.
580 1896 659 1940 duo
690 1896 811 1939 modo
840 1896 1007 1953 probat:
1037 1895 1086 1938 τὸ
1111 1886 1156 1947 ’ξ-
1175 1895 1249 1940 καὶ
1275 1887 1422 1954 *fient*
1455 1896 1691 1950 ἐνεστῶτος

226 1956 303 2019 (3132
333 1963 581 2023 εὑρίσκεται
607 1965 721 2022 πλὴν
754 1968 832 2008 τοῦ
863 1961 1001 2016 ἀλέξω
1025 1964 1098 2007 καὶ
1129 1965 1240 2018 ἕψω,
1269 1979 1403 2022 neque
1421 1965 1541 2022 plura
1566 1969 1690 2024 septi-

226 2045 318 2076 mae
346 2034 545 2088 syzygiae
576 2032 818 2075 adnumerat
842 2030 1068 2087 Dionysius
1095 2031 1272 2075 Gramm.
1289 2033 1385 2075 639.
1431 2030 1518 2075 Sed
1543 2028 1688 2085 ὄδάξω

226 2101 393 2156 saepius
423 2099 574 2154 legitur
610 2113 730 2155 quam
770 2106 812 2142 ut
842 2100 1031 2142 attentari
1068 2100 1220 2155 possit,
1260 2106 1300 2141 et
1330 2102 1372 2141 in
1400 2111 1568 2143 numero
1596 2113 1691 2143 ver-

316 2259 374 2303 45)
399 2259 514 2294 Scrib.
526 2262 679 2306 νέσομαι
691 2261 752 2294 καὶ
763 2262 943 2303 νείσομαι.
976 2257 1097 2293 Schol.
1112 2255 1255 2293 Od.lV.
1266 2257 1344 2294 701.
1361 2259 1425 2294 τοῦ
1434 2257 1532 2294 νέωό
1545 2261 1690 2307 μέλλων

224 2321 317 2355 νέσω
342 2320 404 2353 καὶ
427 2319 617 2354 ἐπενθέσει
641 2321 749 2353 νείσω
773 2319 835 2352 καὶ
859 2319 986 2365 ἐκβολῇ
1010 2319 1074 2353 τοῦ
1092 2307 1124 2353 ἶ
1149 2319 1251 2352 νίσω.
1315 2318 1615 2364 Θεματοποιεΐται
1647 2319 1690 2355 δὲ

226 2368 330 2415 οὗτος
353 2373 371 2410 ὁ
394 2377 539 2421 μέλλων
561 2374 649 2410 ποτὲ
679 2374 750 2421 μὲν
774 2371 1236 2420 διφθογγογραφούμενος,
1259 2373 1346 2408 ποτὲ
1369 2374 1410 2408 δὲ
1432 2373 1690 2422 ἰωταγραφού-

225 2445 347 2477 μενος.
397 2431 666 2478 Diphthongum
696 2431 826 2476 probat
855 2430 1120 2476 Moschopulus
1152 2429 1198 2464 ad
1228 2428 1315 2464 Hes.
1350 2427 1446 2476 Opp.
1478 2430 1556 2467 234.
1588 2436 1688 2468 νεῖσ-

227 2503 352 2527 σονται
376 2489 437 2526 διὰ
462 2490 673 2538 διφθόγγου
700 2492 762 2525 καὶ
786 2487 852 2526 δύο
884 2481 948 2535 σῖ,
979 2488 1016 2525 τὸ
1040 2489 1112 2534 μὲν
1136 2487 1190 2524 ὅτι
1212 2486 1285 2523 ἀπὸ
1309 2490 1371 2524 τοῦ
1395 2492 1542 2536 νέομαι,
1579 2490 1618 2527 τὸ
1646 2492 1689 2528 δὲ

226 2546 280 2595 ὅζι
303 2544 467 2595 τετάρτης
490 2549 566 2583 ἐστὶ
589 2549 758 2592 συζυγίας
781 2545 829 2586 ὠς
853 2549 1043 2593 φοινίσσω.
1094 2545 1184 2581 Cum
1206 2547 1336 2591 νέομαι
1370 2549 1539 2593 νείσομαι
1559 2547 1689 2584 Eusta-

226 2604 320 2639 thius
344 2610 445 2639 recte
468 2604 607 2640 confert
641 2607 771 2647 κέομαι
794 2607 962 2648 κείσομαι
983 2609 1018 2638 et
1051 2602 1274 2638 thematicum
1293 2604 1351 2647 χῶ
1376 2601 1495 2649 (χειά)
1512 2608 1687 2651 χείσομαι

226 2673 261 2706 p.
290 2660 388 2704 1615,
415 2661 470 2697 36.

317 2717 377 2760 46)
413 2717 530 2762 Hujus
554 2719 696 2764 generis
722 2717 832 2752 multo
858 2717 963 2762 plura
985 2715 1211 2761 reperiuntur
1235 2726 1268 2750 v.
1294 2714 1431 2751 Parall.
1461 2715 1516 2751 37.

316 2773 376 2817 47)
409 2773 610 2819 Ὀρσομένη
635 2775 887 2819 ὃιεγειρομένη
913 2772 959 2807 ad
985 2771 1298 2808 anachronismum
1321 2772 1451 2809 referri
1476 2779 1606 2820 potest.
