1728 3120
207 207 272 256 92
647 195 1105 242 nisSERTA'rlo
1147 197 1214 241 1v.

208 329 366 375 quoque
384 314 586 367 barytono
609 313 733 353 utitur
746 305 874 354 Ὤθω
903 308 952 353 τὸ
978 307 1192 367 προωθω,
1223 306 1331 354 ὠθῶ
1361 309 1411 355 δε
1437 316 1670 368 neomuto-2

206 384 356 438 μένως,
385 387 424 422 et
443 378 627 421 Thomas
656 391 815 434 quoque
845 372 1228 435 ὧθω-γράφεται
1258 375 1306 421 δε
1331 375 1406 421 καὶ
1432 372 1554 428 ὠθω,
1585 391 1673 435 quo
1690 391 1699 408 =⁵=

208 458 344 493 tamen
380 459 463 489 non
496 446 694 488 evincitur
727 441 835 487 ὦθω
865 446 1056 487 usitatum
1083 444 1236 496 fuisse,
1272 457 1406 500 neque
1441 442 1541 487 mihi
1572 457 1674 502 per-

210 515 377 560 suaderi
416 520 549 570 potest
579 511 900 562 Grammaticos,
940 525 1042 568 quos
1073 518 1166 554 ante
1194 512 1424 562 nominavi,
1463 524 1584 568 quum
1615 511 1675 555 de=

210 581 464 639 simplicibus
483 586 664 635 agerent,
679 579 848 623 verbum
860 580 1126 636 compositum
1137 577 1310 636 πρώθω
1325 579 1668 622 immiscuisse.-
1696 576 1703 621 ·’.

207 649 506 706 Diphthongum
523 649 565 689 in
579 643 1078 704 paralexihabentai‘3w‚
1109 646 1272 695 πείθω,
1292 643 1453 695 κεύθω,
1481 643 1667 703 ἐρεύθω,

199 713 393 759 Ἕλεύθω
426 713 609 772 ἔρχομαι
633 713 730 757 Hes.
762 711 1009 767 πεύθομαι,
1042 710 1309 766 κλεύθομαι,
1335 712 1443 756 unde
1473 709 1676 758 Κλεύσο-ν-
1704 734 1707 740 2

206 800 288 838 μαι
321 779 510 825 κελεύσω
540 778 708 824 ὁδεύσω
724 780 821 824 Hes.
846 788 1106 836 veterumque
1135 778 1322 822 nonnulli
1343 778 1390 823 ll.
1406 777 1555 822 XVIII.
1570 777 1668 822 244.

206 850 373 905 vulgato
407 846 571 899 εἶςόκεν
610 842 704 890 ὂέϊόι
742 845 971 901 κεύθωμαι
1008 845 1286 904 praetulerunt
1322 844 1580 902 κλεύθωμαι
1617 859 1670 890 ex

208 914 489 970 κελεύθωμαι
530 916 556 957 i.
598 927 633 956 e.
673 914 990 971 παραγένωμαι
1029 911 1168 957 ὃδεύω
1211 919 1474 957 contractum.
1539 913 1671 970 Hujus

209 990 342 1026 autem
370 982 487 1025 verbi
514 983 733 1037 vestigium
756 981 911 1024 nullum
939 986 1104 1037 praeter
1117 979 1315 1035 Hesychii
1328 979 1670 1032 Κελευθείοντες

207 1048 445 1100 ὁδεύοντες,
475 1050 584 1106 quod
614 1049 667 1092 ad
698 1048 917 1092 κελευθέω
946 1048 1094 1090 referri
1122 1054 1274 1104 potest,
1303 1055 1347 1091 ut
1376 1047 1428 1091 ab
1463 1047 1560 1091 aliis
1588 1048 1671 1090 cir-

208 1116 495 1162 cumflexorum
525 1112 758 1167 ἆπειλείω,
801 1113 1017 1166 καπνείω,
1046 1113 1240 1167 νεικείω,
1278 1111 1562 1171 οἶνοβαρείω,
1601 1129 1671 1157 τε·
1712 1158 1713 1161 ,

208 1183 333 1235 λείω,
377 1181 583 1237 ἅκείομαι
621 1191 696 1227 etc.
741 1182 816 1226 sed
861 1188 904 1224 ut
941 1181 1049 1224 idem
1092 1181 1147 1224 ad
1191 1178 1389 1225 κελεύθω
1428 1193 1671 1226 revocemus

206 1252 399 1310 permittit
435 1250 719 1308 θερειόμενος
753 1249 951 1293 Nicandri
989 1256 1029 1291 et
1065 1248 1241 1291 futurum
1277 1246 1501 1300 τεξείεσθε
1539 1248 1671 1298 Arat„

208 1319 434 1375 eodemque
472 1318 583 1362 valet
624 1316 853 1369 θαλπείω,
890 1317 997 1373 quod
1031 1315 1292 1359 Herodianus
1331 1314 1428 1359 EM.
1455 1315 1562 1364 620,
1598 1314 1668 1358 43.
1715 1336 1718 1338 ·

187 1385 441 1442 *disparibus
481 1388 644 1429 miscet:
691 1381 750 1436 ὡς
787 1383 913 1441 παρὰ
952 1383 999 1426 τὸ
1039 1380 1207 1426 θάλπω
1249 1382 1413 1438 γίνεται
1447 1381 1669 1432 θαλπείω,

208 1453 317 1511 ῥιγω
346 1451 505 1510 ῥιγείω,
541 1451 680 1503 ου’τως
713 1448 826 1495 ὀκνῶ
855 1448 1008 1494 ὀκνείω
1037 1463 1075 1493 v.
1109 1450 1162 1492 ad
1181 1450 1247 1506 Aj.
1277 1463 1314 1493 v.
1334 1448 1432 1492 325.
1452 1453 1519 1501 ²⁷)
1576 1447 1670 1492 Janl

208 1527 365 1576 tempus
395 1526 458 1562 est
487 1519 536 1562 de
565 1519 704 1563 verbis
733 1531 816 1561 non
843 1518 956 1574 puris
989 1516 1141 1559 dicere.
1198 1516 1405 1560 Arcadius
1435 1530 1474 1574 p.
1490 1516 1585 1560 157.
1615 1517 1671 1559 τὰ

210 1587 273 1641 εἰς
301 1594 373 1632 θω
402 1585 442 1631 εἶ
473 1585 560 1643 ε’χει
589 1587 677 1644 πρὸ
707 1588 859 1637 τέλους
886 1584 1104 1642 συλλαβὴν
1127 1583 1192 1637 εἰς
1219 1582 1491 1641 ἀμετάβολον
1516 1583 1673 1643 λήγου-
1726 1606 1728 1620 2

208 1674 288 1702 σαν
318 1655 646 1712 ὑπεσταλμένης
674 1658 751 1711 τῆς
785 1672 834 1711 ερ
864 1657 1141 1709 περισπᾶται
1167 1656 1354 1711 wop-96,
1381 1657 1560 1698 πενθῶ·
1600 1670 1673 1698 σε·

209 1723 450 1782 σημείωιαι
488 1722 537 1766 τὸ
577 1718 718 1766 α’λθω.
782 1721 978 1779 Exceptio
1018 1721 1095 1765 illa
1129 1722 1303 1779 pertinet
1341 1721 1396 1764 ad
1431 1702 1591 1778 πέρθω
1631 1728 1674 1766 et

207 1792 368 1848 τέρθω.
386 1793 452 1843 ²⁸)
509 1790 676 1846 Δέρθω
707 1792 851 1833 aoristi
882 1796 945 1832 est
974 1789 1109 1832 thema
1138 1789 1462 1832 commenticium
1488 1787 1622 1832 Cram.
1638 1787 1669 1831 I.

208 1858 302 1901 195.
343 1870 475 1913 neque
513 1857 775 1912 barytonesis
815 1856 999 1899 infinitivi
1039 1854 1336 1913 καταδάρθειν
1373 1869 1412 1899 v.
1442 1854 1497 1899 ad
1523 1854 1673 1899 Buttm.

207 1941 245 1982 p.
276 1924 370 1968 143.
409 1930 562 1967 certum
590 1924 760 1980 praebet
786 1924 1018 1980 praesentis
1057 1920 1214 1979 ὄάρθω
1244 1923 1459 1974 indicium,
1498 1922 1606 1979 quod
1630 1929 1673 1966 et

207 1993 284 2035 illa
322 1991 470 2046 regula
508 1990 687 2034 excludit
725 1998 765 2033 et
803 1991 839 2033 si
867 1989 1135 2032 Grammatici
1174 1991 1380 2045 cognitum
1417 1989 1672 2041 habuissent,

209 2073 292 2103 non
339 2059 391 2101 ad
445 2057 594 2114 δέρθω
639 2064 678 2099 et
720 2053 876 2114 δρήθω
922 2056 1097 2099 revoluti
1145 2063 1295 2099 essent.
1369 2055 1498 2099 Deest
1548 2070 1672 2114 prae-

210 2133 367 2183 ceptum
397 2125 446 2167 de
479 2123 609 2166 altero
639 2136 792 2178 genere
823 2121 1063 2176 αἶ’σθομαι,
1105 2119 1322 2178 ἄχθομαι,
1363 2121 1504 2176 &tr-910,
1541 2121 1672 2178 &3530-

207 2210 308 2248 μαι,
344 2192 526 2249 ε’ρέχθω.
548 2194 614 2244 ²⁹)

322 2272 768 2313 Adnotamentum.
826 2266 975 2310 Verbis
1014 2268 1245 2310 tenuissimi
1281 2266 1340 2309 fili
1377 2264 1472 2310 ἕθω
1501 2273 1541 2310 et
1570 2262 1671 2311 ὅθω

211 2339 368 2396 aliquid
395 2336 620 2393 simplicius
659 2342 698 2377 et
723 2336 858 2390 magis
898 2335 1125 2392 principale
1156 2347 1356 2391 quaerere
1381 2335 1503 2378 nimis
1537 2336 1673 2378 curio-

300 2465 360 2509 27)
394 2463 432 2498 In
456 2462 688 2507 Hippocratis
718 2461 799 2495 loco
834 2471 901 2505 pro
926 2462 1110 2507 ἲσχυριείω
1143 2471 1237 2494 nunc
1266 2471 1339 2494 non
1363 2459 1486 2495 dubito
1509 2460 1593 2505 quin
1617 2459 1671 2494 su-

212 2529 326 2557 turum
351 2520 502 2555 ionicum
527 2520 696 2564 ἰσχυριέω
722 2516 926 2563 ponendum
950 2517 1006 2551 sit.

300 2578 360 2622 28)
393 2571 705 2622 Hesychii'Fpea
735 2575 939 2620 φθέγγεται
970 2577 1054 2607 ante
1082 2573 1194 2620 ἒρβως
1217 2571 1373 2617 positum
1402 2571 1671 2619 conjectoribus

211 2634 479 2680 relinquendum
506 2637 569 2667 est.

302 2691 361 2735 29)
396 2690 455 2724 De
488 2688 727 2723 declinatione
758 2686 830 2732 agit
863 2685 978 2730 Epim.
1013 2685 1129 2720 Cram.
1164 2684 1189 2720 l.
1224 2685 1302 2720 355.
1331 2682 1462 2732 πάσχω
1492 2687 1670 2732 μέλλοντα

213 2750 278 2786 οὐκ
301 2752 394 2795 ἔχει·
427 2751 488 2783 καὶ
512 2747 554 2782 τὰ
578 2750 627 2786 εἰς
651 2758 723 2792 σχω
750 2748 835 2791 (scr.
860 2747 931 2789 θω)
956 2741 1111 2789 λήγοντα
1134 2744 1219 2791 μετ’
1249 2745 1444 2788 ἐπιπλοκῆς
1466 2740 1689 2791 συμφώνου·

214 2805 299 2855 α’χρι
322 2808 384 2842 τοῦ
408 2806 651 2851 παρατατικοῦ
675 2799 754 2839 οἷον
778 2804 934 2849 ἓρέχθω,
964 2798 1079 2847 ἷὲχθω.
