1708 3126
173 229 204 258 Χ

173 324 302 370 matio
350 322 619 380 continetur,
666 323 709 368 in
740 337 824 384 qua
859 337 940 383 ego
977 321 1178 381 substiti,
1228 322 1304 369 sed
1343 324 1468 370 etiam
1511 323 1639 371 decli-

172 413 285 458 natio
323 420 367 457 et
401 411 691 468 constructio,
741 425 851 472 quae
887 410 979 473 jam
1028 427 1156 472 saepe
1204 421 1410 458 tractatae
1450 421 1552 460 sunt
1596 413 1639 459 in

172 500 350 548 Artibus
391 498 770 546 Grammaticorum
807 500 983 561 ipsaque
1023 499 1152 562 hujus
1187 499 1284 547 libri
1318 499 1510 548 brevitas
1546 501 1639 548 uni-

176 592 330 652 cuique
370 588 528 635 indicat
571 605 596 634 a
632 604 696 634 me
732 597 937 635 tractatas
984 605 1069 635 non
1107 605 1223 636 esse.
1297 589 1355 636 Et
1393 591 1550 652 alioqui
1588 590 1639 636 de

174 679 308 726 titulis
357 677 561 725 librorum
609 677 906 740 hominumque
957 678 1251 740 scrupulosius
1297 694 1506 741 quaerere
1548 679 1639 742 jam

174 768 330 814 dudum
361 766 653 812 desuevimus.
726 767 774 813 In
801 767 1145 827 adnotamentzte,
1185 783 1293 830 quae
1325 769 1509 830 singulis
1543 767 1640 815 libri

174 858 299 919 primi
322 854 600 918 paragraphis
624 857 848 916 supposita
871 865 991 917 sunt,
1024 856 1254 904 verborum
1277 859 1640 920 praescriptorum

175 947 330 992 formas
369 944 700 1006 simplicissimas
743 944 991 1006 conjectura
1033 947 1263 1007 exquirere
1309 956 1487 994 conatus
1523 962 1636 994 sum.

173 1035 319 1097 Atque
356 1035 399 1080 in
429 1033 507 1079 hac
542 1042 660 1094 parte
687 1034 805 1094 viae,
843 1049 951 1095 quae
988 1049 1066 1095 per
1100 1034 1277 1081 nebulas
1314 1044 1358 1082 et
1393 1037 1642 1098 praecipitia

177 1123 414 1170 emetienda
444 1130 529 1182 est,
567 1137 693 1168 unam
730 1122 879 1169 ducem
900 1123 1104 1169 habemus
1135 1123 1391 1186 analogiam,
1427 1140 1536 1188 quae
1569 1124 1640 1171 ubi

175 1211 338 1272 deficit,
376 1210 667 1257 hariolandum
691 1221 760 1258 est
794 1212 1038 1274 aliquando,
1075 1227 1154 1258 nec
1178 1221 1318 1260 tamen
1353 1215 1412 1260 ita
1435 1223 1483 1261 ut
1518 1222 1640 1260 vete-

173 1316 268 1347 rum
300 1300 493 1362 plerique
530 1300 671 1346 solent
701 1300 912 1347 vocabula
948 1301 1242 1362 confingentes
1268 1304 1562 1367 apocalyptica
1597 1312 1643 1349 et

173 1390 359 1451 utopica.
431 1387 678 1451 Quanquam
713 1391 906 1451 quisnam
941 1399 1134 1436 nostrum
1170 1406 1254 1436 non
1291 1406 1411 1438 suam
1443 1391 1642 1453 Utopiam

173 1476 334 1525 habet?
379 1486 453 1524 aut
486 1475 557 1522 ubi
591 1477 759 1524 tandem
797 1494 822 1524 a
857 1478 982 1525 turba
1016 1478 1357 1541 quotidianarum
1391 1497 1536 1529 rerum
1573 1498 1639 1528 re-

175 1568 398 1629 quiescere
445 1580 673 1627 possumus
720 1568 804 1613 nisi
851 1568 894 1613 in
942 1567 1014 1613 illa
1063 1567 1255 1615 aetheria
1300 1571 1509 1632 regione,
1566 1570 1641 1617 ubi

174 1655 452 1718 Etymologia
498 1653 736 1701 dominatur
771 1655 850 1702 hoc
896 1665 964 1702 est
998 1658 1093 1703 veri
1129 1657 1341 1718 professio
1384 1660 1511 1706 nullis
1545 1673 1639 1706 car-

175 1743 346 1790 ceribus
384 1743 736 1804 circumscripta,
791 1753 834 1790 et
869 1743 1081 1806 Analogia
1115 1762 1200 1792 non
1237 1748 1308 1793 illa
1350 1747 1520 1794 scholae
1552 1762 1640 1795 mo-

176 1832 369 1878 deratrix
403 1830 480 1877 sed
515 1831 628 1876 vitae
665 1831 858 1892 publicae
891 1832 1209 1895 privataeque?

243 1995 410 2057 Scrips.
459 1994 718 2057 Regimontii
758 1997 1018 2045 Prussorum
1064 1962 1170 2046 Cal:
1210 1998 1352 2061 April.

560 2083 620 2132 A.
659 2085 1036 2135 MDCCCXLVI.
