1728 3120
231 208 278 252 P.
301 207 335 252 1.
393 206 466 251 DE
494 205 802 251 NOMINIBUS
832 205 1047 250 PRIMAE
1077 206 1295 251 DECLIN.
1409 210 1511 258 259

71 328 120 362 ¹.
170 321 346 366 nonina
369 328 505 366 autem
532 319 630 364 huic
660 320 851 377 subJecta
870 333 961 364 cum
989 319 1132 364 verbis
1158 319 1283 378 θέρω
1313 327 1354 365 et
1371 324 1515 380 θερα-

150 402 366 447 ,quorum
389 390 474 433 vim
501 386 646 432 Latini
671 400 756 431 una
783 400 888 431 voce
915 388 1035 442 foveo
1065 395 1371 445 expresserunt.
1428 387 1511 434 Pro

106 453 177 515 ἡ
201 453 424 514 πεισμονή
465 455 680 511 corrigunt
707 452 880 506 πειθώ,
918 455 985 498 cui
1019 456 1276 512 suppetiatur
1315 463 1512 501 accentus

84 530 127 563 Ν
137 525 378 571 oerobosci
415 538 552 570 canon
581 523 636 568 τὰ
674 522 830 579 ἔχοντα
868 522 957 581 πρὸ
989 526 1071 568 τοῦ
1107 542 1134 582 η
1166 523 1211 568 ἐν
1244 540 1288 569 τι
1317 528 1405 569 τῶν
1434 526 1530 570 ‹ioe-¹

38 619 102 659 ’,-
164 593 217 640 οὗ
247 595 378 640 θέλει
405 597 464 654 τῇ
492 611 532 638 ει
561 591 913 651 παραλήγεσθαι
930 592 1066 636 Cram.
1084 593 1134 636 ll.
1150 593 1247 637 258.
1290 594 1515 640 Numerum

101 668 178 708 nt
204 659 369 718 λάσθῃ,
398 662 438 705 si
467 660 599 706 verbo
629 657 790 705 λάσθω
821 662 910 704 sive
941 658 1060 713 λάζευ
1091 663 1320 706 auctoritas
1351 669 1515 707 constat

37 708 203 775 Dius.
233 727 303 772 IV.
335 688 372 784 ἑ.
399 729 440 770 2.
472 734 513 772 et
545 727 682 785 τένθη
717 724 744 786 ἦ
777 725 946 782 λιχνεία
977 730 1014 770 si
1052 741 1079 771 a
1108 729 1244 773 τένόω
1282 729 1512 774 derivatum

91 796 168 842 ib.
199 796 237 853 §.
263 796 301 840 1.
331 795 555 839 Adnotam.
613 795 682 838 Ad
718 794 904 839 ultimum
939 796 1053 838 tenui
1082 796 1249 839 innixa:
1289 794 1387 854 λιτή
1419 794 1511 841 ἀπὸ

37 841 68 918 ⁶¹>
93 863 240 909 -λιτω
267 861 382 908 Eust.
404 863 502 914 725,
533 857 651 906 14.'
633 857 739 919 άντη
769 861 879 919 quod
909 861 1171 906 Hermannus
1201 863 1256 906 ad
1286 862 1415 921 Soph.
1445 863 1511 907 ΕΙ.

13 909 44 934 ⁸⁸
77 943 116 965 v*
147 930 440 989 percommode
470 931 633 988 reponit
662 929 716 984 in]
738 927 938 984 Hesychii
979 929 1076 973 loco
1106 943 1182 987 pro
1214 926 1419 988 Ἀντήσει
1447 932 1514 975 λι-

14 977 46 1054 ¹j¹
67 997 221 1050 ’ἰαις
249 999 468 1055 corrigens
498 993 666 1056 ι’ίντῃσι,
701 1009 783 1053 quo
813 1003 854 1039 et
883 994 1138 1052 Sophoclem
1169 1010 1287 1039 usum
1317 1003 1443 1054 putat,
1474 1005 1515 1041 et

14 1044 43 1072 ⁸'
66 1065 206 1109 ‘u’dem
234 1067 368 1124 repeti
395 1072 531 1123 potest
561 1061 695 1121 ἄντην
729 1070 926 1119 tanquam
958 1065 1224 1108 accusativus
1255 1063 1514 1108 adverbialis

14 1116 42 1144 ¹²
94 1132 252 1190 πέραν,
281 1139 322 1176 et
339 1132 586 1177 solemnium
610 1130 929 1175 christianorum
955 1143 1107 1173 nomen
1128 1127 1300 1188 ὖπάντη
1331 1137 1372 1174 et
1399 1128 1514 1176 ὑπα-

40 1195 43 1204 ’
179 1199 342 1257 ‚quod
379 1199 489 1257 apud
515 1197 582 1242 Du
613 1196 818 1254 Gangium
857 1203 1067 1252 oxytonon
1110 1204 1174 1240 est
1207 1211 1245 1241 v.
1276 1197 1421 1242 Reisk.
1458 1201 1513 1244 ad

71 1264 222 1322 hyr.
251 1280 290 1324 p.
305 1266 404 1310 229.
432 1266 499 1310 ed.
526 1264 643 1323 Lips.
671 1264 801 1309 verbo
832 1263 1053 1321 dupliciter
1081 1261 1343 1309 declinato³
1322 1261 1514 1320 α’ντομαι

95 1329 265 1378 ἄντάω.
324 1332 372 1377 ln
412 1340 598 1378 extrema.
629 1332 751 1389 hujus
788 1332 976 1387 regionis
1018 1344 1095 1375 ora
1129 1331 1382 1377 collocanda
1421 1341 1516 1378 sunt

16 1450 19 1473 Ι
81 1425 88 1444 e
125 1396 151 1451 '‚
179 1398 316 1460 ἆλφή,
342 1400 468 1446 Πέτα
491 1402 664 1452 πτῶσις
680 1398 779 1443 Hes.
810 1398 960 1456 quibus
983 1411 1092 1455 quae
1121 1400 1376 1456 respondent
1391 1414 1516 1459 prae-

16 1462 162 1533 ‘'V‘a
197 1481 284 1512 non
316 1467 513 1524 leguntur
550 1466 715 1524 quidem
754 1467 831 1510 sed
867 1479 1012 1510 omnes
1052 1466 1280 1523 analogiae
1319 1482 1515 1513 numeros

16 1585 21 1602 .
78 1541 190 1579 ·1·.nt
247 1533 336 1579 Nec
357 1535 410 1579 ab
441 1548 496 1579 ea
516 1534 652 1578 deficit
682 1532 830 1591 ἅρπω,
859 1534 968 1576 unde
989 1547 1114 1590 sarpo
1143 1535 1294 1591 pendet
1321 1541 1362 1578 et
1391 1533 1516 1593 ἅρπη

78 1631 108 1639 -»
146 1615 319 1654 nomen,
364 1615 446 1659 quo
485 1601 654 1659 quidam
682 1600 893 1644 falconem
923 1600 1155 1656 significari
1183 1603 1516 1659 interpretantur,
1536 1637 1538 1639 .

18 1721 20 1729 Ι
82 1682 216 1728 mque
257 1669 518 1713 instrumenti
553 1668 722 1718 falcati,
765 1667 875 1723 quod
910 1666 1146 1723 Hesychius
1184 1663 1333 1726 όρπην
1371 1671 1518 1714 vocari

20 1735 21 1738 ’
162 1755 167 1772 v
227 1751 266 1782 v.
300 1735 414 1781 Diss.
444 1735 475 1779 Ι.
505 1735 543 1791 §.
569 1736 610 1780 3.
668 1733 746 1778 His
774 1733 933 1778 similia
966 1741 1060 1777 sunt
1079 1729 1236 1792 ’Όρπη
1258 1731 1450 1794 Ἐριννύς
1478 1743 1520 1781 et

18 1797 65 1864 ³.
93 1803 170 1850 d
152 1817 242 1861 Jam
267 1803 441 1848 Guietus
472 1803 527 1847 ad
557 1799 745 1860 ἇρπάζω
773 1797 944 1845 retulit³
946 1797 1116 1858 Ὀρπαξ
1141 1799 1363 1860 θρασὺς’
1343 1800 1520 1857 ἄνεμος,

90 1870 270 1921 Nomius
289 1872 392 1916 dixit
420 1869 628 1928 ἅρπαγος
661 1866 712 1921 ἐξ
739 1866 922 1923 ἀνέμοιο
939 1867 1009 1910 111.
1024 1867 1093 1912 38.
1139 1867 1185 1911 Ιιι
1201 1868 1360 1914 Anecd.
1380 1869 1519 1914 Cram.

19 1933 24 2003 L
68 1958 74 1962 -
103 1966 114 1978 ,ψ
135 1972 146 1984 .
177 1938 303 1996 ἅρπη
331 1947 373 1982 et
401 1936 577 1995 ἅρπυια
596 1936 651 1980 ad
680 1932 817 1994 ἆρπιῢ
845 1935 1101 1987 reseruntur3
1132 1936 1208 1980 sed
1235 1936 1316 1981 hoc
1333 1937 1522 1982 Alexan-

70 2009 97 2045 ἰ
124 2007 135 2017 ‘
166 2013 231 2051 est
259 2007 477 2051 commatis
508 2011 550 2050 ut
582 2001 697 2062 ἐργιῦ
721 2015 796 2060 pro
826 2000 1020 2061 ἐργάζω,
1051 2016 1182 2060 quare
1213 2005 1521 2061 acquiescimus

20 2060 24 2137 ἱ
83 2075 315 2133 *pprimitivo
353 2071 509 2130 ἅρπω,
551 2072 669 2128 cujus
703 2075 845 2128 typum
889 2072 1078 2128 sequitur
1112 2074 1294 2116 aoristus
1332 2073 1522 2129 asigmus

20 2188 23 2197 J
45 2154 48 2157 '
127 2138 290 2196 άμενος
315 2146 359 2185 ut
386 2136 641 2194 εἶπάμενος.

142 2219 182 2275 §.
207 2218 250 2263 4.
305 2217 424 2262 Haec
453 2229 560 2275 quae
605 2218 794 2279 transegi
831 2217 1003 2260 nomina
1042 2216 1094 2259 de
1128 2217 1264 2272 prima
1301 2218 1419 2266 verbi
1447 2232 1524 2276 po-

103 2299 184 2330 ne
216 2292 287 2330 aut
325 2284 547 2329 admodum
575 2283 681 2326 nihil
719 2289 875 2326 mutant
905 2291 975 2326 aut
1009 2283 1318 2340 perpaululum
1358 2285 1524 2343 reliqua

114 2356 200 2406 jus
238 2352 291 2396 ab
331 2354 421 2409 eJus
460 2350 729 2395 similitudine
773 2349 987 2395 abstracta
1024 2357 1117 2394 sunt
1154 2350 1223 2394 vel
1261 2353 1523 2396 restitutione

450 2413 699 2432 οοοοο

15 1315 21 1340 ¹
43 1342 46 1345 .

22 2478 33 2567 ἶ,
78 2498 91 2543 j
133 2488 203 2532 Μ.
233 2487 398 2544 (omiss.
427 2486 472 2529 ιιι
501 2484 651 2537 Thes.)
683 2485 810 2540 λαβι],
841 2481 951 2540 λάχη
980 2479 1006 2541 ἡ
1040 2483 1176 2540 λῆξις,
1203 2482 1347 2542 μάθη,
1378 2484 1524 2544 πάθη,

22 2566 32 2658 ἒ
99 2551 267 2618 Ιιμολή,
310 2549 466 2613 ἒρυγὴ,
495 2550 623 2608 τύχη,
656 2548 798 2610 φυγή,
839 2550 907 2595 vel
938 2563 1216 2594 consonarum
1246 2559 1287 2595 et
1315 2553 1525 2597 vocalium

131 2701 192 2748 12)
223 2701 328 2737 Haec
358 2698 514 2735 Arcadio
539 2709 574 2744 p.
603 2698 679 2735 105.
718 2698 842 2734 addita
867 2703 951 2734 sunt
974 2698 1009 2732 in
1033 2682 1263 2734 codeavn.
1298 2709 1392 2744 quae
1417 2709 1529 2734 causa

119 2769 185 2795 eur
203 2757 292 2794 Ἁδά
322 2752 437 2801 ἡδονή
460 2755 548 2792 Hes.
578 2766 647 2801 pro
681 2753 750 2801 ἤδη
781 2755 950 2802 accipere
984 2753 1171 2790 noluerim.
1219 2753 1260 2790 ln
1287 2754 1396 2791 Thes.
1422 2755 1530 2791 omit-

1168 2868 1253 2912 17*
