1728 3120
214 171 313 219 344
644 163 1118 209 DISSERTATIO
1162 165 1262 212 XX.

219 281 411 326 tribuitur
446 277 572 322 rebus
615 277 759 322 oculos
798 278 1095 335 pungentibus,
1139 276 1354 336 πορφύρα
1394 279 1465 324 vel
1501 280 1695 340 φοινικὶς

220 345 356 399 ὀξεῖα,
387 345 467 389 hoc
496 351 561 388 est
579 341 833 403 ὀξυφεγγής,
866 345 940 388 sed
968 344 1103 388 differt
1130 358 1183 388 ea
1208 358 1253 388 re
1275 345 1384 403 quod
1411 354 1575 404 etymon
1604 350 1692 393 evi--

221 414 324 456 dens
365 419 405 455 et
444 413 488 454 in
528 412 665 456 medio
704 414 880 469 positum
919 411 1056 454 habet.
1122 410 1264 469 Neque
1303 412 1383 456 hoc
1422 417 1556 459 solnm
1590 429 1691 460 usus

217 480 390 522 licentia
419 491 446 522 a
473 492 573 523 vero
613 479 814 523 abstraxit
850 479 925 522 sed
959 479 1047 522 a'lia
1078 478 1228 530 multa,
1260 481 1408 536 partim
1439 481 1691 533 notabiliter,

216 548 364 603 partim
407 547 469 588 sic
512 552 555 588 ut
591 547 659 589 vix
703 559 852 589 sensus
897 546 1201 603 discrepantiae
1248 553 1472 590 moveatur.
1535 546 1691 605 Λόγος

216 609 513 669 εὖπρόςωπος
550 614 755 656 neminem
792 626 972 670 unquam
999 612 1189 663 offendit3
1230 619 1272 655 at
1300 614 1344 655 in
1369 612 1540 657 Aristot.
1570 613 1689 658 Polit..

213 678 266 722 ll.
295 678 334 722 8.
366 693 405 736 p.
436 679 558 728 1268,
588 679 628 722 b.
658 679 725 722 24.
766 679 872 737 περὶ
899 675 1132 723 τοῦ-οὒκ
1165 677 1282 722 ἔστιν
1311 675 1511 737 ἀσφαλὲς
1539 679 1588 723 τὸ
1620 696 1693 724 νοω

213 749 437 800 μοθετεῖν,
468 741 574 789 ἀλλ’
610 742 899 804 εὐόφθαλμον
927 743 1127 795 ἀκοῦσαι,
1161 744 1440 789 Schneider-us
1470 746 1694 804 reprobem·

215 813 274 855 dit
291 819 334 855 ut
359 814 605 856 inconcinne
629 814 827 868 Junctum.
884 811 1068 856 Lucretii
1088 812 1219 856 verba
1233 811 1376 856 1.645.
1404 813 1536 857 verba
1556 815 1688 868 lepido

215 881 360 934 fucata
375 893 527 922 sonore
541 893 623 923 non
638 880 923 923 immodestius
933 881 1077 935 Juncta
1093 886 1186 922 sunt
1201 892 1323 937 quam
1338 878 1463 923 Plinii
1472 878 1689 924 XXXVII.

215 945 285 988 24.
318 948 470 989 coloris
497 949 543 989 in
570 960 613 989 se
641 949 850 990 redeuntis
879 954 1111 999 concentuS,
1142 947 1217 990 sed
1247 947 1326 991 hoc
1356 949 1490 990 minus
1520 951 1691 991 sentitur

217 1013 317 1069 quia
345 1012 515 1057 verbum
536 1015 749 1056 concinere
778 1027 1055 1071 graecumque
1086 1016 1337 1071 συμφωνεῖν
1356 1020 1396 1057 et
1422 1012 1491 1056 his
1519 1027 1692 1072 respon-

217 1079 319 1123 dens
342 1081 624 1134 germanicum
647 1093 673 1122 a
703 1081 1004 1135 significatione
1034 1081 1242 1137 primitiva
1265 1081 1353 1136 Jam
1384 1080 1533 1124 dudum
1556 1081 1692 1125 desci-

214 1147 286 1190 vit.
341 1145 493 1190 Verum
521 1146 573 1189 ab
597 1146 664 1190 his
696 1147 802 1191 abeo
826 1154 869 1190 ut
895 1159 1031 1204 pauca
1060 1147 1210 1189 addam
1243 1147 1293 1190 de
1325 1147 1553 1203 adjectivis,
1584 1162 1691 1206 qnae

217 1211 367 1256 sensus
405 1212 580 1269 alicujus
617 1214 759 1257 vitium
800 1214 996 1257 indicant.
1062 1211 1252 1256 Omnium
1290 1213 1538 1270 longissime
1579 1223 1692 1272 patet

217 1277 381 1337 κωφός,
411 1278 588 1336 namque
618 1293 701 1323 non
736 1280 876 1323 solum
906 1281 968 1322 sic
998 1287 1171 1323 vocatur
1199 1282 1266 1337 qui
1298 1294 1424 1325 sonos
1461 1295 1546 1326 non
1575 1283 1689 1326 clare

217 1348 369 1404 accipit
408 1347 484 1390 sed
522 1348 646 1390 etiam
683 1350 752 1404 qui
787 1361 870 1390 non
906 1346 1046 1390 claros
1084 1360 1211 1390 sonos
1249 1347 1333 1390 edit
1363 1354 1403 1390 et
1430 1350 1586 1404 pariter
1619 1363 1690 1394 res

217 1426 325 1470 quae
368 1427 513 1457 sonum
556 1427 727 1469 gravem
770 1421 971 1470 acutoque
1011 1414 1262 1457 contrarium
1306 1415 1465 1458 mittunt
1506 1415 1692 1472 (dumpfc
1727 1423 1728 1433 ³

220 1480 394 1534 Toene),
441 1481 589 1524 deinde
628 1481 779 1524 odores
819 1480 933 1524 surdi
970 1481 1216 1536 coloresque
1256 1494 1282 1524 a
1309 1479 1510 1531 Romanis
1547 1478 1693 1527 contr‘a

213 1553 419 1603 ponuntur
450 1549 622 1603 argutis,
658 1548 928 1605 similiterque
957 1547 1230 1605 Hippocrates
1258 1546 1563 1592 hebetationem
1593 1563 1692 1594 ocu-

215 1613 349 1656 lorum
393 1614 495 1658 dixit
538 1612 748 1671 κώφωσιν
784 1617 870 1658 τῶν
908 1613 1173 1672 ὀφθαλμῶν.
1237 1613 1451 1659 Postremo
1489 1614 1692 1660 Homerus

215 1679 371 1738 κωφὸν
395 1681 527 1736 βέλος
554 1676 655 1725 εἶπε
685 1681 797 1725 κατὰ
814 1679 1073 1738 μεταφορὰν
1097 1677 1189 1724 ἀπὸ
1220 1684 1300 1725 τοῦ
1319 1681 1430 1725 κατὰ
1458 1681 1536 1740 τὴν
1555 1679 1692 1741 ἀκοὴν

216 1746 295 1790 ἐπὶ
323 1747 372 1790 τὸ
406 1747 518 1791 κατὰ
546 1748 623 1805 τὴν
655 1744 776 1805 ἁφήν
806 1747 948 1791 Schol.
979 1746 1025 1790 ll.
1056 1746 1124 1789 IV.
1149 1747 1244 1791 390.
1281 1748 1522 1804 significans
1551 1748 1691 1794 ἅλιον.

214 1811 366 1857 Verum
391 1828 497 1871 quae
523 1816 665 1858 nativa
689 1814 758 1858 vel
776 1821 950 1857 naturae
973 1814 1116 1857 ordine
1146 1816 1262 1871 prior
1278 1815 1401 1862 fuerit
1428 1816 1690 1872 significatio,

217 1883 418 1936 cognosci
447 1895 529 1925 non
557 1888 693 1938 potest
720 1882 803 1924 nisi
833 1883 998 1924 invento
1030 1887 1188 1936 etymo,
1219 1882 1329 1938 quod
1359 1882 1493 1927 adhuc
1523 1885 1691 1942 ancipiti

216 1950 429 2003 quaeritur
459 1949 709 2003 conjectura.
770 1947 930 1991 Coraes
961 1948 1124 2004 quidem
1155 1948 1210 1991 ad
1230 1947 1401 1993 Heliod.
1421 1962 1459 2007 p.
1481 1949 1574 1992 152.
1606 1967 1692 1993 κω-

215 2011 305 2069 φός
332 2014 436 2056 nihil
466 2014 675 2057 diversum
703 2020 815 2069 putat
844 2026 870 2055 a
900 2016 1081 2070 κοῦφος.
1140 2013 1442 2060 Valckenarius
1470 2029 1571 2060 vero
1585 2016 1693 2060 Ani-

214 2079 349 2123 madv.
382 2080 436 2123 ad
464 2080 653 2123 Ammon.
683 2093 721 2135 p.
753 2079 846 2120 133.
879 2091 906 2121 a
936 2076 1086 2122 κόπτω
1115 2083 1262 2136 repetit
1291 2082 1400 2136 quod
1425 2084 1560 2138 magis
1591 2096 1691 2127 con-

216 2152 458 2189 sentaneum
499 2154 562 2190 est
597 2153 781 2190 veterum
825 2147 1008 2203 opinioni
1053 2146 1123 2201 qui
1167 2144 1393 2201 κολόκυμα
1434 2150 1692 2206 interpretati

215 2219 309 2255 sunt
344 2211 495 2271 κωφὸν
532 2215 662 2268 κῦμα.
721 2212 843 2264 Quod
880 2214 917 2255 si
957 2211 1201 2269 probamuS‚
1237 2208 1398 2270 ’κωφός
1433 2215 1544 2260 idem
1577 2216 1690 2260 valet

216 2279 325 2335 quod
355 2278 499 2329 κάλος,
530 2276 716 2334 κολοβός
741 2278 885 2330 hebes,
919 2279 1103 2330 obtusus,
1134 2285 1362 2336 naturaque
1393 2293 1471 2326 sua
1500 2283 1689 2327 omnibus

216 2345 410 2389 sensibus
439 2347 643 2390 convenit.
702 2345 1025 2401 Augustioribus
1060 2346 1209 2389 finibus
1246 2349 1476 2392 continetur
1508 2347 1689 2407 τυφλός.

214 2411 322 2456 Nam
361 2413 471 2469 quod
496 2411 729 2468 Hesychius
770 2412 912 2455 scribit
945 2411 1123 2468 Τυφλός
1160 2411 1337 2457 τίθεται
1376 2414 1450 2458 καὶ
1486 2411 1582 2459 ἀντὶ
1610 2419 1690 2460 τοῦ

219 2477 382 2537 κωφός,
419 2493 502 2523 non
532 2492 596 2522 me
632 2486 842 2536 permovet
870 2486 913 2521 ut
935 2478 1136 2529 homines,
1171 2481 1239 2536 qui
1272 2480 1467 2525 audiendi
1490 2482 1688 2526 facultate

218 2553 382 2596 carent,
420 2544 614 2604 τυφλούς
649 2553 821 2590 vocatos
862 2545 1042 2589 credam.
1111 2544 1198 2589 Sed
1238 2548 1275 2591 si
1315 2546 1421 2591 haec
1457 2550 1626 2592 nomina
1663 2563 1690 2593 a

216 2616 386 2671 propria
426 2612 730 2669 significatione
759 2613 1062 2657 transferuntur
1090 2612 1144 2656 ad
1173 2627 1263 2664 res,
1310 2614 1532 2667 discrimen
1560 2629 1688 2674 saepe

216 2681 385 2724 tollitur.
445 2679 519 2723 Sic
548 2694 622 2737 pro
660 2680 871 2724 homerico
911 2676 1134 2738 πορφύρει
1164 2680 1358 2737 πέλαγος
1386 2682 1499 2738 μέγα
1529 2680 1689 2737 κύματι

219 2751 357 2805 κωφῷ
394 2746 576 2791 Sisenna
617 2747 824 2792 substituit
859 2747 1004 2792 Subito
1040 2759 1156 2791 mare
1186 2750 1499 2802 perhorrescere
1528 2762 1687 2794 caecos-
