1728 3120
224 202 316 247 156
659 189 1121 234 DISSERTATIO
1163 190 1249 233 vn.

218 323 281 373 εἰς
307 316 626 375 περισπιύμενα
658 314 731 360 διὰ
761 317 839 358 τοῦ
863 307 908 358 ὖ
932 316 1163 374 γράφεται,
1192 316 1308 370 νέμω
1338 316 1480 370 νωμῶ,
1509 310 1671 374 στρέφ’
1720 367 1724 381 ⁴

217 386 430 443 στρωφῶ,
476 382 598 426 πέλω
639 381 798 430 πωλῶ,
841 382 957 438 πλὴν
1004 385 1082 426 τοῦ
1122 382 1243 426 πέτω
1283 382 1410 426 ποτῶ
1449 379 1545 444 ΕΜ.
1582 370 1673 428 Gir
1716 373 1719 380 ’

217 453 312 502 489,
338 450 379 493 4.
409 462 580 506 quorum
612 449 790 491 omnium
821 460 972 499 causas
1003 455 1043 491 et
1070 450 1153 493 vim
1177 454 1217 491 et
1249 449 1492 492 varietatem
1519 444 1665 496 aberit
1727 445 1728 450 ¹

218 519 407 575 exposuit
435 515 676 572 Spitznerus
708 514 760 558 ad
780 514 826 557 Il.
857 513 955 558 Exc.
975 513 1093 557 XIX.
1126 514 1334 558 Hactenus
1363 515 1515 560 dictum
1543 522 1606 559 est
1635 498 1660 559 d
1725 546 1728 553 .

215 584 355 629 verbis
387 595 493 640 quae
524 583 751 637 generatim
784 583 827 623 in
858 588 992 624 certos
1029 582 1196 624 ordines
1233 582 1476 639 classesque
1506 579 1654 625 descril
1727 592 1728 599 ¹

216 657 400 709 possunt.
460 647 576 692 Nunc
617 649 752 691 dicam
791 647 841 690 de
876 649 930 690 iis
973 661 1079 704 quae
1118 648 1258 691 itidem
1303 660 1329 692 a
1366 648 1581 704 barytonis
1612 639 1656 711 st}
1720 640 1724 644 ’

215 720 377 762 ratione
419 715 597 772 quadam
638 714 842 770 singulari
879 721 1111 771 propagata
1140 722 1233 758 sunt
1261 717 1320 759 ita
1348 721 1392 758 ut
1420 727 1554 772 neque
1583 713 1664 760 int&
1719 745 1727 760 2

218 799 264 828 se
294 796 427 840 neque
465 795 555 825 cum
593 781 689 824 aliis
722 783 954 837 comparari
984 783 1145 838 possint
1184 781 1288 835 δίζω
1324 777 1494 839 ὁιφάω,
1537 777 1676 824 κύπτι·

217 849 452 906 κυβιστέω,
493 846 641 891 ἀκούω
673 845 926 904 ἀκροῶμαι,
957 845 1115 891 θάλλω
1144 845 1375 903 τηλεθάω,
1408 843 1570 904 ψάλλω
1600 854 1682 906 ψη

217 914 399 974 λαφάω,
440 912 571 958 εἶλύω
611 911 809 970 εἶλυφάω
846 921 886 956 et
916 911 1204 968 ἶλυσπάομαι.
1262 910 1472 962 Αἶονᾶω,
1500 914 1611 970 quod
1651 916 1681 952 ‘i

218 982 452 1041 Stephanus
485 994 576 1024 cum
607 978 715 1024 ἶνάω
746 979 795 1023 τὸ
827 981 936 1023 κενῶ
966 980 1149 1031 contulit,
1178 980 1270 1037 plus
1303 979 1582 1023 similitudinis
1613 979 1676 1042 lia

217 1051 286 1093 bet
316 1062 406 1093 cum
442 1045 563 1098 αἶ’νω,
594 1049 631 1090 si
659 1046 739 1089 hoc
768 1046 877 1089 idem
906 1046 1019 1090 valet
1046 1054 1168 1103 atque
1203 1045 1391 1105 διαίνω.Δ
1428 1043 1668 1106 Μοίσασθῖι1

219 1130 245 1160 a
271 1116 476 1173 primitivo
505 1111 606 1168 μάω
640 1120 771 1156 ortum
802 1113 974 1164 videtur,
1004 1114 1111 1156 unde
1140 1115 1269 1167 μᾶμα
1301 1112 1418 1156 cibus
1448 1119 1488 1156 et
1515 1110 1688 1169 μοὶστοὲζΥ

214 1197 254 1226 v.
285 1181 478 1236 Prolegg.
511 1179 606 1222 149.
647 1178 815 1237 ἐρωτᾷν
844 1179 896 1222 ab
936 1178 1073 1236 ἐρεῖν,
1108 1178 1309 1236 ἕρευνᾷν,
1345 1192 1424 1222 nec
1461 1178 1606 1236 procul

218 1247 335 1307 ἒρᾷν,
368 1245 504 1305 ἔρως,“
526 1259 621 1288 nam
654 1245 881 1301 quaerendi
914 1252 954 1288 et
983 1245 1250 1289 desiderandi
1284 1247 1475 1289 notiones
1502 1246 1561 1288 ita
1591 1241 1685 1306 con}

217 1314 320 1358 fines
341 1321 432 1357 sunt
448 1319 490 1355 ut
507 1312 693 1355 nonnulli
712 1310 861 1362 πόθος
885 1318 925 1354 et
940 1309 1171 1365 πεύθομαι
1185 1325 1259 1369 pro
1285 1313 1477 1368 cognatis
1495 1306 1696 1372 habeant

330 1415 367 1469 ξ.
393 1415 433 1456 2.
490 1413 813 1468 Paronymorum
843 1412 923 1456 duo
942 1425 1100 1468 genera
1130 1419 1235 1464 sunt,
1268 1426 1439 1470 quorum
1457 1426 1579 1456 unum
1607 1404 1696 1462 ter-³.

219 1481 485 1524 minationem
523 1478 840 1535 significabilem
878 1478 1002 1522 habet
1041 1479 1120 1523 hoc
1160 1487 1224 1523 est
1259 1480 1560 1526 desiderativa.
1606 1479 1678 1522 fre-

219 1548 469 1605 quentativa,
498 1545 736 1589 inchoativa
764 1545 909 1601 hisque
940 1545 1116 1595 similia,
1156 1549 1360 1604 κουριᾷν,
1399 1529 1580 1604 λαιῇν,
1618 1554 1697 1601 ‘cvj

219 1615 418 1672 ραννιᾷν,
458 1613 748 1669 κορυβαντιᾷν
782 1618 858 1654 etc.
897 1611 1070 1654 alterum
1098 1625 1210 1655 mere
1242 1614 1554 1670 paragogicam.
1611 1611 1694 1654 Ill.

220 1695 272 1724 ex
295 1679 487 1737 professo
506 1680 682 1721 tractavi
709 1678 763 1720 ad
777 1677 923 1720 Buttm.
939 1678 1194 1735 390.'quare
1225 1679 1415 1736 exempla
1430 1678 1698 1736 potissimum

219 1761 271 1790 ex
311 1746 442 1789 altero
481 1757 636 1799 genere
678 1757 848 1786 sumam.
905 1743 1021 1787 Haec
1062 1751 1197 1788 autem
1237 1745 1289 1788 ab
1331 1745 1520 1789 omnibus
1560 1745 1689 1800 decli-5

221 1812 457 1856 nationibus
489 1810 615 1853 fluunt
644 1811 720 1854 sed
748 1811 988 1866 largissime
1021 1824 1047 1854 a
1073 1811 1282 1855 femininis
1302 1815 1480 1869 primae3
1509 1812 1551 1855 id
1569 1801 1705 1892 quasi,

218 1881 424 1937 proprium
442 1877 561 1932 hujus
587 1877 774 1920 familiae
805 1879 1092 1920 seminarium:
1122 1874 1327 1933 ἆγαπάω,
1359 1875 1524 1930 αὗὸάω,
1552 1876 1715 1930 o’ckoioss

217 1963 321 2000 μαι,
363 1941 635 1999 ἇγοράομαι,
679 1941 932 1996 αἶτιάομαι,
975 1941 1168 1999 ἇρετάω,
1202 1941 1422 1999 ἇράομαι,
1462 1959 1568 2002 quae
1599 1943 1692 1989 sunl

219 2014 340 2054 unius
380 2010 527 2051 literae
565 2009 753 2065 exempla
787 2009 839 2051 ab
877 2023 958 2052 uno
990 2009 1170 2052 Homero
1209 2010 1393 2066 prodita3
1429 2025 1480 2054 ex
1518 2024 1598 2067 quo
1637 2011 1719 2065 dm

220 2084 361 2121 cetera
399 2075 655 2118 multitudine
700 2076 927 2117 existimari
964 2082 1110 2131 potest.
1167 2075 1384 2132 Perpauca
1416 2090 1516 2120 vero
1546 2090 1573 2120 a
1602 2090 1706 2126 ma-u',

219 2143 413 2191 sculinis:
446 2139 586 2197 Κοίης
605 2138 759 2196 ἱερεύς,
791 2142 968 2184 notatae
998 2140 1171 2195 ἱερᾶται
1189 2141 1288 2184 Hes.
1318 2139 1529 2193 ὀκλαδίας
1558 2139 1720 2202 ὀκλαῆ

218 2211 330 2267 ὀιᾷν,
362 2208 470 2264 quod
498 2206 592 2248 EM.
629 2203 829 2260 ὀκλάζειν
858 2210 1157 2264 interpretatur,
1191 2209 1384 2266 φλεγυᾷν
1405 2208 1454 2252 τὸ
1483 2205 1724 2270 ὑβρίζειν,ἑῖ

216 2275 329 2332 quod
356 2273 596 2317 Eustathius
617 2273 711 2324 933,
737 2272 803 2315 14.
837 2286 864 2315 a
890 2273 1089 2329 Phlegyis
1120 2273 1193 2317 alii
1226 2274 1278 2318 ab
1309 2274 1560 2331 appellativo
1588 2289 1723 2334 quo-3,

220 2342 314 2384 dam
347 2339 540 2398 φλεγύας
570 2340 732 2382 ductum
755 2346 937 2391 censent,
968 2340 1116 2383 deinde
1146 2353 1252 2396 quae
1282 2341 1390 2397 epici
1417 2354 1468 2384 ex
1493 2340 1573 2384 hac
1601 2355 1688 2384 ma-

218 2409 326 2450 teria
350 2407 504 2461 fingunt
533 2406 667 2448 futuro
697 2406 890 2448 destituta
909 2404 1095 2464 εὖχετᾷν,
1121 2407 1362 2464 λαμπετᾷν,
1391 2409 1566 2466 ναιετᾷν
1580 2421 1618 2451 v.
1637 2408 1727 2465 adq

217 2474 366 2529 Phryn.
385 2473 480 2515 571.
513 2479 553 2514 ct
581 2471 877 2528 parasyntheta
906 2472 1109 2528 quaedam
1129 2473 1352 2530 λινοπτᾷν,
1383 2469 1715 2535 ὀρνιθοθηςηὲῖνξἶ

221 2541 274 2583 ad
302 2539 453 2594 Phryn.
481 2539 575 2581 627.
632 2538 694 2581 De
726 2538 1015 2581 desiderativis
1045 2539 1311 2595 τρυφητιᾷν,
1347 2542 1582 2598 μαστιγιᾷν
1611 2544 1721 2587 etc.

222 2609 428 2655 dubitatur
459 2614 590 2649 utrum
612 2609 814 2662 originem
845 2620 871 2650 a
899 2606 1140 2650 masculinis
1164 2607 1206 2647 in
1226 2597 1308 2656 ι-ιῖᾁ
1337 2619 1390 2649 an
1419 2608 1506 2650 iota
1536 2621 1559 2650 e
1591 2608 1719 2658 cha-‘331

220 2683 381 2718 ractere
412 2673 593 2716 habeant
620 2672 814 2728 Prolegg.
844 2673 939 2716 513.
1000 2672 1117 2724 Quae
1148 2671 1288 2714 verbis
1317 2669 1478 2730 ἅρτᾷν,
1509 2663 1724 2732 anonymi-³

220 2742 465 2785 conveniunt
505 2740 690 2789 nomina,
732 2741 857 2783 citata
892 2752 973 2781 non
1012 2738 1271 2794 respondent.
1339 2737 1477 2782 Multo.
1509 2706 1724 2829 sterilior}
