1728 3120
232 203 331 248 206
658 194 1128 240 DISSERTATIO
1172 197 1267 244 XII.

231 311 338 354 unde
368 313 479 365 patet
503 304 642 350 ἄλοίω
665 320 691 350 a
709 306 968 352 scholarchis
984 308 1198 365 Byzantiis
1218 310 1433 355 confictum
1451 315 1564 366 esee,
1594 328 1675 371 quo

231 390 281 419 ex
310 375 472 417 inficeto
503 372 706 429 Diogenis
747 376 1042 432 epigrammate
1072 377 1190 420 facili
1218 379 1387 433 negotio
1417 380 1616 424 eximitur.
1647 407 1702 435 -,

230 446 275 488 In
302 434 395 488 ου’-ὧ
426 449 573 485 exeunt
602 456 759 499 pauca:
790 440 934 500 ὀρούω
965 445 1018 488 ab
1047 441 1142 502 5'Qco
1170 446 1430 503 productum,
1459 446 1630 495 κολούει)
1660 463 1681 494 e

227 509 406 565 μολούω
437 512 524 553 sive
542 508 729 564 μολεύω,
759 523 930 566 quorum
949 512 1054 554 illud
1080 512 1149 556 vel
1174 525 1388 556 commune
1417 507 1509 558 cum
1527 513 1702 573 xokdgoj

226 578 532 621 fundamentum
566 576 694 619 habet
730 577 797 621 vel
827 580 981 635 pariter
1011 593 1102 622 cum
1130 578 1335 635 proximo*
1355 593 1382 623 a
1409 580 1575 625 nomine
1603 583 1699 639 pro?

224 646 336 688 venit
369 657 544 700 quocum
574 640 815 698 αὐτόμολοι
850 645 893 687 id
931 651 994 688 est
1033 645 1217 689 stolones
1242 647 1506 703 Auslaueffer
1533 662 1684 706 compo·

224 713 345 754 situm
373 717 460 762 est3
490 724 666 767 namque
696 708 900 765 μολεύειν
917 711 1124 767 significat
1150 712 1200 756 τὸ
1222 713 1302 764 τὰς
1330 710 1600 768 αὐτομολίας
1623 713 1685 759 κό-

222 795 348 822 πτειν
378 774 438 828 aig
474 777 524 821 τὸ
554 776 609 821 τὰ
646 777 821 833 πρέμνα
851 777 1106 834 πρεμνίζειν
1132 778 1239 823 Poll.
1268 792 1306 823 v.
1336 777 1512 829 Dissert.
1541 779 1572 823 Ῑ.
1598 777 1704 837 c.·IJ

221 846 256 900 ξ.
287 845 327 887 6.
357 844 424 887 fin.
486 843 700 887 Χελούειν
737 842 917 901 βήσσειν
953 845 1050 889 Hes.
1087 845 1322 889 laconicum
1358 846 1427 892 vel
1461 845 1706 899 boeoticum„

221 921 285 958 est
324 927 398 970 pro
437 910 608 967 χελύειν
646 926 671 956 a
706 913 846 966 χέλυς.
876 939 930 946 -
986 914 1125 958 Verba
1162 917 1206 958 in
1231 905 1301 958 ἷῶ
1334 915 1533 974 pleraque
1563 930 1590 961 a
1618 931 1703 962 no·-·‘

220 980 399 1024 minibus
438 981 585 1022 tertiae
627 979 919 1023 declinationis
963 982 1109 1025 eadem
1144 982 1283 1026 vocali
1320 980 1446 1026 finitis
1489 985 1694 1040 originem.

217 1047 381 1091 trahunt
410 1042 518 1097 ἄλυς
548 1043 667 1090 ἀλύω
698 1047 786 1088 sive
818 1044 960 1099 ἁλύω,
1000 1044 1169 1105 ἀρτύω,
1209 1044 1376 1102 ἆχλύω,
1407 1046 1577 1106 γηρύω,
1614 1044 1687 1094 dcc<

219 1113 360 1171 κρύω,
396 1110 571 1161 ἕλινύω,
611 1109 751 1163 wem,
791 1111 982 1164 καττύω,
1011 1113 1190 1167 μεθύω,
1231 1128 1258 1158 a
1287 1112 1447 1173 κάχρυς
1474 1117 1711 1161 00118ίωί19-

213 1180 405 1230 verbum‚
442 1180 556 1234 cujus
585 1185 773 1235 tempora
801 1180 1005 1235 quaedam
1035 1181 1236 1237 καχρύσω
1267 1188 1309 1224 et
1337 1185 1636 1239 συγκαχρῧσαι
1665 1197 1690 1228 a

216 1246 506 1290 Grammaticis
538 1245 666 1288 allata
697 1252 812 1297 sunt,
848 1245 1051 1302 κορθύω,
1083 1244 1243 1299 κικύω,
1273 1245 1448 1302 σταχύω
1479 1245 1713 1303 (α’ναστα--Ὶ1

210 1311 317 1367 χύω,
346 1310 629 1365 ὑποσταχύω)
662 1325 688 1355 a
716 1313 866 1364 ,ιιῶλυς
893 1310 1068 1366 μωλύω,
1101 1327 1127 1356 a
1156 1316 1287 1370 φῖτυς
1314 1313 1383 1358 vel
1405 1315 1511 1371 φῖτυ
1530 1313 1688 1372 φιτύω.

213 1379 287 1423 Sic
314 1381 439 1422 etiam
467 1377 515 1421 ἐκ
544 1381 621 1421 τοῦ
652 1375 773 1431 οἰζύς
801 1375 947 1432 οἶζύω.
1000 1377 1049 1421 Ὁ
1076 1379 1124 1424 δὲ
1145 1376 1448 1432 ,Ἀπολλώνιος
1472 1380 1590 1438 λέγει
1615 1380 1688 1426 ὅτι

212 1444 301 1490 ἀπὸ
330 1448 409 1488 τοῦ
439 1445 769 1498 σχετλιαστικοῦ
798 1442 1100 1504 ἔπιῤῥήματος
1123 1446 1286 1501 γίνεται
1316 1444 1421 1500 οἷ’ζω
1446 1443 1508 1498 ὦς
1535 1445 1689 1501 λιάζω,

209 1511 348 1566 αἰάζω
381 1511 455 1555 καὶ
485 1511 533 1554 ἐκ
559 1513 640 1554 τοῦ
670 1508 775 1564 οἷ’ζω
808 1508 941 1575 οἷΞ-ύω
970 1511 1066 1554 ΕΜ.
1097 1513 1194 1564 619,
1222 1513 1289 1556 53.
1323 1511 1437 1556 Eust.
1460 1513 1583 1566 1217,
1615 1514 1683 1557 12.

207 1581 359 1625 Verum
393 1582 517 1623 etiam
548 1594 574 1623 a.
603 1582 758 1623 neutris
787 1582 830 1623 in
860 1597 924 1630 ος,
954 1580 1145 1636 βρένθος
1171 1578 1470 1638 βρενθύομαι,
1500 1584 1687 1640 στρῆνος

209 1645 490 1704 στρηνύομαι,
521 1644 655 1689 ἕντύω
687 1643 778 1689 ἀπὸ
807 1649 887 1689 τοῦ
915 1643 1039 1690 ἔντεα
1065 1645 1180 1690 Eust.
1195 1647 1292 1699 599,
1319 1647 1385 1690 15.
1442 1646 1684 1707 Verbalium

207 1714 397 1772 exempla
431 1714 551 1756 affert
580 1711 674 1754 EM.
705 1713 800 1764 632,
834 1713 902 1754 50.
933 1710 1102 1768 ἐλύσθη
1133 1710 1224 1758 ἀπὸ
1255 1715 1334 1758 τοῦ
1364 1713 1448 1758 ἕλω
1479 1708 1592 1758 ἑλύω
1622 1713 1684 1768 ὥς

208 1780 319 1824 ἕλκω
353 1778 509 1830 tanum,
550 1787 590 1823 et
619 1794 656 1837 p.
687 1780 781 1830 333,
810 1779 877 1821 50.
922 1775 1045 1835 ἇρύω
1077 1779 1202 1836 παρὰ
1234 1778 1283 1823 τὸ
1315 1777 1413 1837 ἆριό
1441 1777 1590 1838 (αἶ’ρω)
1622 1780 1683 1834 ὥς

206 1844 371 1904 πλήθει)
402 1844 608 1902 πληθύει),
634 1844 720 1903 ἔρω
741 1843 871 1903 ἕρύω,
900 1840 988 1889 ἄνω
1018 1842 1148 1896 ἀνύω,
1178 1859 1350 1903 quorum
1368 1846 1571 1890 nonnulla
1586 1860 1680 1890 cum

203 1913 437 1956 nominibus
468 1910 685 1970 (πληθύς,
725 1907 822 1968 ἒῖνη)
855 1913 1092 1955 consociari
1128 1919 1319 1969 possunt,
1362 1911 1476 1971 ἒρύω
1517 1914 1681 1971 epsilon
1713 1946 1717 1947 ν

201 1980 501 2036 pleonasticum
530 1979 666 2021 habet.
725 1978 770 2020 In
803 1978 919 2020 Arai.
949 1978 1043 2021 746.
1082 1975 1264 2036 ἀστέρες
1295 1975 1490 2024 ὠκεανοῦ
1519 1976 1678 2037 ἀρύον-

201 2062 286 2093 ται,
316 2045 396 2088 hoc
426 2051 466 2087 et
494 2058 567 2101 pro
600 2042 800 2101 αἴρονται
831 2045 964 2099 accipi
993 2051 1127 2100 potest
1145 2052 1184 2087 et
1215 2059 1288 2101 pro
1319 2045 1536 2101 ἐρύονται,
1566 2047 1676 2102 quod

200 2111 376 2155 Vossius
418 2111 629 2154 confirmat
665 2109 863 2165 Hesychii
901 2110 1050 2166 glossa
1074 2106 1241 2166 ’Ἀρυον
1269 2106 1436 2161 εἷλκον,
1473 2125 1552 2155 nec
1589 2112 1676 2155 dis-

201 2181 322 2221 sentit
351 2177 587 2220 Eustathius
617 2177 740 2227 1159,
769 2177 837 2220 58.
877 2175 925 2219 τὸ
958 2173 1079 2233 ἇρύω
1111 2176 1159 2220 ἐκ
1191 2179 1268 2221 τοῦ
1298 2174 1413 2235 ἐρύω
1443 2177 1675 2233 γίγνεσθαι

201 2246 334 2288 δοκεῖ,
395 2243 554 2301 Quippe
595 2257 749 2299 aquam
786 2246 949 2287 trahere
981 2257 1001 2285 e
1023 2251 1152 2297 puteo
1189 2243 1298 2287 idem
1336 2249 1401 2287 est
1437 2243 1604 2292 haurire
1633 2251 1674 2288 et

198 2313 241 2354 in
263 2310 472 2354 Simoni&
497 2310 660 2367 Fragm.
690 2309 886 2353 LXXIII.
918 2308 986 2352 94.
1025 2307 1220 2366 εἰρύεται
1259 2307 1390 2366 ἁγνὸν
1417 2308 1539 2366 ὕδωρ
1567 2309 1673 2354 nihil

197 2378 328 2421 differt
361 2377 413 2420 ab
453 2374 648 2435 ἂρύεται.
668 2379 734 2433 ¹0)
790 2376 896 2420 Huic
926 2376 1142 2420 consimile
1174 2373 1324 2434 ἇφύω,
1355 2389 1382 2420 a
1410 2389 1491 2433 quo
1521 2376 1671 2421 Gram-

290 2493 346 2536 10)
384 2492 543 2528 Verbum
568 2490 715 2540 ἀρύειν,
748 2491 849 2537 ηιιοᾱ
871 2489 1076 2535 Hesychius
1102 2489 1208 2533 yarie
1245 2489 1502 2535 interpretatur
1528 2488 1669 2525 ἀντιλέ-

193 2562 285 2594 γειν,
314 2551 425 2594 βοᾷν,
452 2548 632 2594 κελεύειν,
658 2548 862 2582 Kuesterus
888 2547 934 2581 ad
957 2543 1109 2593 γαρύειν
1133 2545 1257 2580 refert.
1304 2545 1436 2591 Neque
1463 2545 1558 2580 idem
1585 2557 1668 2582 esse

194 2606 338 2641 videtur
361 2606 460 2649 illud,
491 2606 536 2640 de
561 2617 631 2650 quo
655 2603 743 2639 EM.
764 2602 839 2647 134,
866 2603 918 2638 12.
945 2599 1017 2650 ἆρά
1042 2599 1063 2645 ἡ
1089 2599 1174 2647 εὐχὴ
1199 2600 1301 2649 παρὰ
1325 2600 1363 2637 τὸ
1385 2598 1513 2649 ἀρύειν
1535 2601 1574 2637 τό
1597 2615 1667 2637 κα-

192 2664 337 2696 λεῖσθαι
360 2663 422 2697 καὶ
453 2663 686 2708 ἐφέλκεσθαι.
730 2657 902 2706 Ἀρύετ’
941 2655 995 2694 ἂν
1028 2655 1210 2704 φύζειν.
1260 2658 1340 2693 Hoc
1365 2657 1507 2703 quidem
1532 2663 1665 2704 poetae

192 2717 324 2752 «lictum
348 2729 420 2753 non
448 2719 557 2754 video
582 2718 666 2763 quid
700 2715 904 2764 significare
927 2715 1044 2761 possit
1071 2714 1137 2749 nisi
1163 2713 1305 2762 ἠροῖσθε
1322 2716 1393 2765 ,vel
1424 2711 1586 2761 ηὔχεσθε
1616 2712 1664 2751 ἂν

193 2777 339 2819 φυγεῖν.
