1728 3120
213 181 313 228 332
649 173 1120 218 DISSERTATIO
1166 174 1263 218 XX.

211 299 341 335 tesve.
399 284 662 344 Εἰςήρχοντο
696 282 761 337 εἷς
790 285 904 330 καθ’
939 281 1024 338 εἷς,
1067 283 1151 332 ἀνὰ
1181 281 1246 338 εἷς
1284 286 1532 340 ἕκαστος-,εἰ
1561 291 1604 333 in
1633 286 1683 332 N.

214 357 265 399 T.
296 357 533 410 legerentur
567 353 680 404 solo,
716 353 769 396 ad
801 354 954 398 idiotas
982 356 1262 410 rejiceremus.
1317 353 1375 398 At
1403 354 1594 400 effidem
1621 358 1685 400 vi·-

213 425 312 466 tium
339 421 550 464 Lucianus
580 420 842 477 reprehendit
867 420 1056 464 homines
1082 435 1183 464 suae
1213 423 1362 465 aetatis
1391 421 1549 475 doctos,
1579 437 1684 480 quos

213 489 473 532 manifestum
505 494 569 530 est
596 489 804 531 notionem
841 489 1081 531 nomInativi
1111 490 1266 543 sinquli
1293 490 1527 535 introibant
1545 487 1684 548 ‘potiom

211 570 300 599 rem
339 555 505 598 duxisse
544 568 664 611 quam
704 556 928 598 rectionem
970 556 1304 612 praepositionis.
1359 554 1411 598 Et
1446 551 1684 613 quiwofivog·

214 623 354 666 dixere
392 635 466 678 pro
509 620 619 677 αὕτη
651 623 688 664 si
724 623 784 665 sic
823 622 1111 678 loquuti‘sunt
1139 623 1183 665 in
1219 622 1536 680 compellatione
1566 623 1679 666 femi-

211 703 305 740 nae,
326 692 368 741 ⁷)
410 689 662 731 retinuerunt
702 688 920 731 formulam
958 688 1127 731 auribus
1159 688 1443 733 inhaerentem
1478 684 1515 733 ὦ
1541 685 1681 740 οὗτος.

213 757 314 800 Item
343 756 479 798 tritum
507 754 611 797 illud
641 751 666 812 ἦ
699 752 747 797 ‹3'
781 754 831 805 ὅς
859 756 918 798 ita
947 755 1178 799 inoleverat
1205 755 1376 811 linguae
1403 762 1446 800 ut
1474 757 1600 800 eu'am
1629 756 1682 800 ad

212 825 390 867 seminas
411 829 450 865 et
471 821 525 865 ad
553 821 692 879 plures
710 822 1016 865 transferretur.
1039 826 1074 874 ⁸)
1133 821 1220 866 Nec
1244 823 1378 867 minus
1403 823 1576 868 soloeca
1592 830 1684 867 sunt

212 896 425 946 praesente
467 890 656 939 testibus,
694 901 787 931 cum
816 892 979 943 partim
1008 892 1247 943 copiarum,
1289 891 1416 933 libens
1446 891 1659 934 solverunt
1669 905 1682 942 ;

212 971 318 1014 quae
352 957 436 999 nisi
469 955 630 998 abunde
661 957 763 998 satis
792 962 945 999 testata
977 962 1138 1007 essent,
1174 956 1362 1000 librariis
1391 959 1686 1015 imputarentur

210 1031 251 1067 et
268 1022 475 1080 lapicidis.
533 1020 684 1064 Verum
702 1021 934 1077 hujusmodi
957 1018 1220 1074 ἀσυνταξίας
1244 1023 1314 1068 vel
1342 1023 1687 1076 κακοσυνταξίας

211 1090 400 1146 exempla
438 1088 697 1144 collegerunt
737 1089 854 1131 multi
890 1090 1039 1140 multa3
1084 1090 1302 1133 obscurius
1340 1103 1441 1134 vero
1480 1096 1543 1134 est
1579 1090 1686 1134 illud

214 1157 387 1200 alterum
415 1155 757 1199 soloecismorum
776 1169 922 1211 genus,
952 1156 1062 1213 quod
1090 1158 1133 1199 in
1161 1158 1364 1214 principio
1391 1157 1512 1213 hujus
1542 1157 1684 1214 dispu-

212 1224 381 1267 tatIOnis
408 1223 638 1277 designavi.

324 1301 360 1355 §.
389 1301 430 1342 2.
486 1298 647 1342 Etenim
678 1312 761 1342 non
783 1299 917 1342 solum
946 1300 1200 1344 consuetudo
1221 1302 1366 1356 graeci
1384 1302 1588 1346 'sermonis
1607 1301 1684 1345 sed

212 1369 392 1412 omnium
426 1366 662 1421 linguarum
698 1366 768 1408 lex
796 1373 836 1408 et
875 1367 980 1409 ratio
1017 1368 1245 1423 pugnantia
1272 1367 1387 1424 loqui
1414 1365 1538 1412 vetat.
1595 1366 1684 1412 Sed

210 1436 330 1491 hujus
374 1447 535 1490 quoque
578 1433 817 1476 soloecismi
867 1434 1050 1489 speciem
1091 1433 1294 1476 interdum
1337 1434 1538 1490 praebent
1579 1437 1684 1479 scri-

209 1510 348 1560 ptores
388 1514 471 1543 non
509 1500 717 1550 indiserti,
762 1512 883 1555 quum
919 1501 1172 1554 cogitatione
1208 1500 1302 1558 plus
1338 1501 1684 1559 comprehendunt

209 1582 331 1626 quam
361 1568 618 1623 eloquuntur,
645 1573 688 1609 ut
716 1565 923 1609 Hesiodus
954 1563 1056 1623 Opp.
1088 1567 1184 1609 610.
1213 1566 1406 1625 βότρυας
1428 1566 1685 1626 χρὴ-δεῖ-

210 1637 283 1688 ξαι
315 1631 451 1692 ἠελίῳ
496 1633 602 1678 δέκα
630 1630 679 1676 τ’
717 1628 867 1690 ἤματα
900 1632 975 1676 καὶ
1011 1633 1117 1677 δέκα
1145 1631 1323 1695 νύκτας,
1361 1636 1476 1691 cujus
1504 1635 1589 1679 loci
1620 1637 1684 1678 in-
1727 1639 1728 1645 ’

211 1703 530 1746 concinnitatem
559 1699 858 1757 Moschopulus
885 1707 926 1743 et
962 1702 1093 1744 sensit
1127 1707 1166 1744 et
1195 1702 1408 1745 excusavit
1434 1701 1514 1745 hoc
1537 1703 1682 1747 modo:

211 1766 450 1824 συνυπάγει
494 1766 575 1817 τὰς
617 1763 773 1817 νύκτας
814 1769 878 1824 τῷ
924 1766 1040 1825 λόγῳ
1079 1765 1139 1818 ὥς
1185 1765 1405 1822 ἑπομένας
1424 1760 1536 1820 ’ταῖς
1577 1767 1684 1826 ἡμέ-

209 1852 311 1892 ραις
350 1835 399 1887 ἒξ
441 1831 657 1890 ἀνάγκης·
700 1830 753 1877 οὗ
795 1832 879 1890 γὰρ
916 1830 1020 1877 κατ’
1062 1830 1200 1885 αὐτὰς
1245 1835 1429 1879 δυνατὸν
1469 1838 1532 1893 τῷ
1571 1833 1685 1895 ἡλίῳ

210 1900 430 1946 δεικνύναι
465 1899 566 1950 τοὺς
594 1899 772 1957 βότρυς,
810 1914 944 1957 neque
972 1900 1096 1943 hodie
1127 1901 1392 1945 scribentium
1422 1902 1574 1959 aliquis
1606 1917 1684 1947 'au-

210 1969 323 2012 debit
352 1969 490 2010 dicere
521 1979 626 2009 uvas
657 1968 721 2008 die
742 1975 937 2021 nocteque
959 1969 1154 2010 insoluto.
1212 1968 1334 2012 Alius
1354 1969 1497 2013 calore
1517 1970 1683 2014 dicendi

211 2035 472 2079 obliviscitur
500 2035 620 2089 paria
647 2033 816 2090 paribus
848 2033 1072 2087 adjungere
1093 2041 1134 2075 ut
1152 2035 1195 2075 in
1214 2033 1263 2076 H.
1285 2033 1333 2076 H.
1364 2038 1407 2078 in
1436 2035 1567 2080 Merc.
1584 2038 1682 2080 525.

208 2100 437 2158 Λητοΐδης
469 2096 807 2156 ἐπένευσε-*μή
837 2115 934 2142 τινα
964 2099 1170 2156 φίλτερον
1201 2095 1334 2143 ἄλλον
1365 2098 1410 2145 ἓν
1440 2099 1683 2148 ἀθανάτοι-

300 2250 335 2292 7)
375 2248 593 2294 Apollonius
624 2247 685 2292 qui
717 2238 822 2285 οὗτος
853 2244 943 2280 κατὰ
974 2249 1124 2290 θηλείας
1154 2249 1348 2291 τιθέμενον
1371 2259 1450 2285 cum
1483 2248 1532 2290 ὥς
1553 2262 1686 2298 φασαν

210 2306 231 2350 ἡ
256 2303 399 2350 πληθύς
423 2304 632 2349 conjunxit,
667 2309 766 2338 certe
796 2303 847 2337 sic
870 2303 1102 2338 masculinum
1126 2315 1194 2348 pro
1225 2303 1394 2341 feminino
1425 2308 1582 2351 positum
1607 2320 1684 2345 cre-

210 2362 318 2404 didit3
353 2361 420 2396 sed
450 2360 531 2396 fort·
524 2372 608 2396 isse
642 2366 696 2395 est
719 2360 951 2394 masculinum
974 2371 1048 2394 non
1079 2352 1214 2395 motuni
1247 2365 1285 2395 ut
1309 2359 1330 2404 ἡ
1355 2364 1561 2405 τηλικοῦτος
1586 2367 1684 2412 apud

211 2419 453 2464 Sophoclem,
489 2417 586 2462 quod
624 2428 699 2452 non
732 2421 972 2451 constructum
1008 2421 1062 2451 est
1095 2421 1222 2456 contra
1259 2407 1421 2485 regulam
1451 2420 1519 2455 sed
1556 2421 1683 2458 vitium

208 2476 317 2510 habet
339 2476 375 2509 in
400 2485 472 2508 una
493 2484 598 2508 voce.
1340 2497 1342 2501 ,
1443 2504 1446 2513 ι
1508 2498 1510 2503 ,

299 2531 336 2575 8)
370 2531 430 2566 De
455 2530 524 2564 hoc
558 2533 707 2574 praeter
731 2528 867 2564 Suidan
899 2534 936 2563 et
959 2528 1218 2564 Grammaticos
1254 2541 1277 2564 a
1298 2508 1519 2571 Buttmanno
1551 2534 1684 2570 citatos

212 2588 369 2623 Gramm.
396 2586 423 2622 1.
449 2586 526 2621 543.
564 2586 758 2632 disputavit
783 2585 935 2620 Photius
959 2585 1183 2630 Amphiloch.
1221 2585 1248 2620 1.
1272 2585 1352 2622 230.
1385 2588 1422 2622 in
1453 2587 1551 2635 Maii
1579 2590 1680 2627 Nov.

212 2645 364 2679 Collect.
391 2642 432 2678 T.
452 2642 479 2676 Ι.
509 2642 588 2678 230.
623 2642 748 2677 Sehol.
779 2642 887 2678 Arist.
921 2641 1007 2688 Lys.
1033 2641 1109 2678 514.
1143 2644 1192 2687 τῷ
1215 2657 1236 2687 η
1261 2641 1302 2678 δ’
1330 2639 1370 2683 ὃς
1402 2645 1465 2679 καὶ
1496 2645 1557 2682 ἐπὶ
1589 2645 1685 2692 πλή-

215 2705 305 2739 θους
335 2700 492 2747 ἐχρῶντο
522 2700 585 2734 καὶ
617 2699 679 2735 ἐπὶ
706 2701 891 2744 θηλυκοῦ,
926 2697 975 2739 ὠς
997 2700 1059 2734 καὶ
1082 2699 1131 2743 τῷ
1154 2692 1182 2733 ὦ
1207 2700 1286 2735 τᾶν.
1333 2698 1454 2747 Negat
1476 2701 1546 2738 hoc
1569 2702 1684 2738 Fritz

214 2756 334 2791 schins
362 2756 408 2790 ad
432 2756 538 2791 Arist.
565 2756 681 2791 Rann.
706 2767 740 2801 p.
772 2754 824 2789 16.
