1728 3120
436 166 540 210 (tn.
570 167 601 210 1.
660 167 731 211 DE
776 166 976 211 vssstssls
1015 167 1072 211 IN
1119 158 1192 213 ζῶ.
1460 170 1549 216 151

170 280 240 331 ’ω,
276 277 412 335 ὅχέω,
453 279 642 338 κροτέω,
682 281 914 336 παταγέω,
943 282 1150 336 κομπέω,
1190 295 1217 325 a
1247 280 1397 338 quibus
1424 281 1552 326 facile

94 350 104 361 ‘
166 353 364 393 oscuntur
392 346 538 405 φέρω,
581 344 688 402 ἐβίω,
730 345 902 404 κρούω,
941 346 1182 402 πατάσσει),
1214 346 1390 399 κόπτω,
1421 361 1553 405 quau-

148 429 190 460 m
209 414 363 473 φορὲω
379 414 586 459 interdum
612 414 724 458 idem
754 415 964 471 significat
982 415 1092 473 quod
1112 415 1239 473 φέρω
1270 430 1307 460 v.
1330 415 1385 459 ad
1399 415 1552 472 Phryn.

149 517 160 526 .
189 489 231 526 et
260 482 354 526 δεῖν
384 483 506 526 attice
535 481 686 526 dicitur
713 496 788 541 pro
820 480 1061 539 δεσμεύειν.
1101 480 1343 537 ίΗγιεῖσθαι
1371 483 1555 527 fortasse

120 565 149 595 n
182 550 237 594 ab
267 546 391 606 ἄγειν
419 550 649 594 traductum
681 557 746 594 est
778 550 854 594 sed
884 563 911 593 a
938 551 1106 594 nomine
1148 549 1258 606 quod
1291 549 1556 594 Herodianus

56 675 58 677 Ι
89 622 100 631 “
160 620 305 664 ificare
322 619 487 663 videtur
504 635 554 663 π.
570 623 690 664 Mon.
716 634 754 677 p.
771 620 840 663 45.
865 619 921 663 τὰ
943 617 1009 672 εἷς
1033 609 1135 676 W
1158 616 1398 676 βαρύνεται
1411 617 1555 677 θήγω,

27 679 206 748 ιὲλήγω·
236 686 288 732 τὸ
309 682 402 731 δὲε
378 689 472 744 ηγῶ
493 690 797 742 περισπᾶται·
827 687 878 731 τὸ
910 687 959 731 δὲ
990 684 1134 730 αἴτιον
1162 684 1403 743 πρόδηλον,
1433 689 1556 730 nimi-

31 768 154 816 Μ
181 753 254 799 ὅτι
289 749 436 807 ὄνομα
467 751 556 808 ἐχει
590 754 904 812 προκατάρχον
941 754 992 796 τὸ
947 750 1144 819 -ἆγός,
1203 752 1363 797 Eodem
1393 753 1556 797 traduci

24 820 190 886 invasse
231 823 441 880 adjectiva
479 823 696 874 verbalia,
734 826 915 880 quaein
944 840 1021 874 τος
1063 830 1232 874 exeunt,
1272 836 1357 866 non
1387 822 1557 866 dubium

29 893 140 946 't5fuit
167 890 386 935 Eustathio
420 905 460 948 Ρ.
484 890 615 942 1175,
646 890 714 935 18.
752 893 833 934 τοῦ
870 886 1142 947 ψευστήσεις
1178 886 1465 946 προϋπάρχει
1505 888 1557 934 τὸ

32 956 261 1015 ἰςιψευστός
291 955 353 1010 ὡς
383 957 458 1002 καὶ
477 961 556 1002 τοῦ
587 955 933 1015 ἂνηκουστησεις
949 958 999 1000 τὸ
1031 951 1315 1014 ἆνήκουστος.
1373 955 1437 998 De
1457 969 1557 1011 syn—

33 1025 187 1081 salietis
215 1039 338 1070 nemo
370 1026 583 1077 dissentit,
623 1037 802 1082 namque
835 1022 982 1067 horum
1012 1022 1170 1066 affatim
1200 1029 1265 1066 est
1298 1018 1558 1079 ἇψευστεῖν,

22 1115 34 1151 32
54 1090 310 1146 dvevnszv,
343 1089 636 1150 εὐχαριστεῖν,
666 1092 967 1148 δυςχρηστεῖν,
1008 1090 1343 1145 δυςανασχετεῖν
1371 1095 1448 1133 etc.
1481 1090 1559 1134 sed
1606 1088 1607 1093 ’

26 1161 315 1219 ἠειιιιρίἰοιιιιιι
351 1159 544 1217 exempla
580 1158 893 1211 desiderantur3
932 1171 1029 1201 nam
1068 1159 1325 1214 ψευστῆσαι
1360 1156 1415 1200 ad
1443 1154 1560 1214 ψεύ-

42 1243 175 1287 ιιστης
194 1227 347 1273 referri
374 1233 530 1284 potest,
570 1225 745 1285 ἕρατεῖν
781 1225 887 1269 illud
926 1226 971 1268 in
997 1224 1184 1269 Laconis
1223 1223 1404 1281 quodam
1445 1222 1558 1269 dicto

31 1310 132 1355 ..ιαμ
157 1291 271 1354 mut.
303 1295 343 1338 si
371 1295 614 1352 incorrupta
642 1300 707 1338 est
738 1296 965 1351 scriptura,
997 1293 1052 1336 ad
1081 1289 1244 1350 ἑράτης
1272 1291 1464 1349 quamvis
1493 1292 1559 1334 in-

24 1365 283 1416 munitam,
322 1362 524 1406 δυνατεῒν
562 1361 674 1419 quod
712 1361 844 1404 semel
882 1362 926 1403 in
955 1359 1006 1402 N.
1031 1359 1083 1404 T.
1125 1372 1199 1416 pro
1235 1355 1462 1402 δύνασθαι
1488 1357 1559 1402 vel

17 1423 319 1486 ῃιεῦδυνατεῖν
350 1431 530 1486 positum
566 1435 650 1480 est,
681 1427 734 1472 ad
767 1425 973 1484 δυνάτης,
1014 1428 1131 1483 cujus
1165 1426 1349 1470 obscura
1375 1426 1560 1481 vestigia

26 1505 246 1545 (manent.
302 1495 457 1541 Verum
484 1509 570 1540 non
598 1495 794 1540 verbalia
823 1495 958 1538 solum
989 1496 1033 1537 in
1063 1495 1310 1551 quaestione
1338 1500 1561 1536 versantur

38 1583 54 1616 a·
67 1566 144 1611 sed
172 1566 300 1608 etiam
339 1564 391 1607 de
430 1563 529 1607 aliis
566 1576 674 1620 quae
706 1563 893 1618 eiusdem
923 1561 1081 1605 moduli
1120 1560 1200 1604 hoc
1240 1566 1306 1603 est
1342 1559 1561 1615 hisyllaba

26 1635 174 1688 haunt,
205 1645 291 1676 non
319 1629 425 1674 nihil
444 1630 714 1674 dubitationis
743 1637 808 1672 est
835 1643 932 1671 num
959 1635 1095 1672 stante
1116 1634 1156 1670 et
1185 1627 1357 1671 florente
1376 1625 1562 1670 Graecia

27 1719 29 1722 ⁴
65 1699 281 1760 pariendis
310 1697 454 1742 verbis
486 1697 805 1741 accommodata
834 1698 939 1747 sint3
978 1694 1148 1752 ἆδρέω,
1189 1693 1377 1751 κωφέω,
1407 1688 1560 1749 ιῦχρέω

68 1769 282 1825 antiquum
307 1771 521 1809 auctorem
550 1778 635 1808 non
667 1763 843 1814 habent,
881 1761 1037 1806 σωκέω
1068 1774 1095 1804 a
1123 1764 1269 1812 σῶκος
1305 1760 1350 1803 id
1378 1766 1443 1803 est
1473 1775 1562 1804 σω-

44 1860 45 1863 =
67 1832 220 1886 στικός
249 1833 478 1877 derivatum
499 1845 595 1875 esse
614 1833 776 1874 incerta
801 1835 866 1874 est
882 1828 1257 1872 Grammaticorum
1287 1828 1561 1884 conJeotati03

27 1944 29 1947 .
68 1902 212 1962 φιλέω
243 1900 446 1958 disputari
478 1905 614 1957 potest
642 1905 775 1941 utrum
806 1911 832 1940 a
862 1895 996 1954 φίλος
1027 1903 1166 1940 natum
1205 1897 1259 1939 sit
1289 1908 1345 1938 an
1374 1908 1402 1939 a
1429 1894 1560 1938 verbo

67 1973 360 2019 intermortuo,
404 1967 520 2023 cujus
560 1967 741 2010 aoristus
784 1972 848 2008 est
888 1961 1091 2021 ἐφίλατο.
1160 1963 1405 2018 AdJectiva‚
1451 1961 1559 2004 unde

40 2035 216 2096 “’ἆργέω
238 2037 281 2090 ⁶)
313 2041 357 2083 et
394 2033 605 2093 φρουρέω
633 2033 833 2090 pendent,
872 2045 956 2075 non
995 2029 1205 2087 simplicia
1241 2036 1347 2073 sunt.
1408 2028 1562 2072 Cetera

68 2109 113 2150 in
142 2103 314 2162 quosvis
353 2101 464 2150 alios
493 2099 624 2145 flexus
664 2100 857 2144 abierunt
886 2094 1074 2156 κωφόω,
1108 2093 1291 2154 τυφλόω
1309 2092 1560 2152 -κωφεύω

12 2230 14 2232 v
69 2166 575 2230 νωθρεύω--λευκαίνω
614 2160 1160 2224 ψυχραίνω--σφοδρύνω
1196 2159 1562 2219 μακρύνω--με-

69 2237 192 2293 σάζω
224 2234 380 2291 ἶσάζω,
411 2242 565 2285 eetera‚
594 2248 702 2292 quae
736 2247 812 2277 suo
844 2232 1024 2289 quidque
1053 2231 1149 2275 loeo
1180 2230 1381 2274 dicentur.
1441 2228 1561 2281 Quae

70 2319 173 2352 vero
209 2315 336 2362 supra
365 2303 470 2346 duas
512 2309 606 2346 sunt
644 2301 859 2357 syllabas,
900 2298 1130 2342 exuberant
1166 2297 1307 2341 verbis
1345 2293 1560 2348 ἇσμενέω,

10 2391 13 2393 ·
71 2370 358 2420 ἀκολουθέει),
389 2367 636 2429 γρηγορέω,
672 2366 916 2426 καρτερέω,
954 2362 1147 2423 ὑστερέω
1176 2372 1216 2407 et
1249 2364 1426 2407 maxime
1463 2376 1562 2418 syn-

69 2440 186 2485 theta
225 2434 542 2492 ἆναισχυντέω,
588 2433 856 2491 εὐαρεστέω,
893 2430 1208 2488 μακρηγορέω,
1257 2429 1562 2485 πολυανδρέω,

10 2522 13 2527 ’
73 2505 297 2562 ὁμοσιτέω
327 2510 368 2547 ει
397 2502 512 2547 mille
541 2503 662 2546 talia.
720 2500 786 2544 Ea
818 2499 917 2543 mihi
948 2511 1081 2542 causa
1109 2498 1183 2541 fuit
1224 2511 1298 2542 cur
1322 2499 1365 2540 in
1395 2509 1563 2553 compu-

9 2591 21 2629 ,·
72 2576 228 2620 tatione
272 2570 505 2616 verbalium
544 2571 582 2626 §.
611 2570 649 2613 l.
691 2565 854 2614 αἰολέω
894 2573 935 2610 et
974 2565 1131 2609 similia
1169 2578 1251 2609 non
1291 2564 1562 2608 admitterem.

166 2711 206 2756 6)
239 2710 279 2746 ln
304 2709 394 2746 EM.
418 2708 495 2753 137,
514 2707 569 2743 36.
595 2704 783 2755 ἀργύφεος
806 2703 961 2741 ἀπὸτοῦ
988 2702 1092 2752 ἆργῶ
1120 2701 1157 2740 τὸ
1181 2705 1307 2750 φαίνω
1334 2700 1565 2738 scribendum

75 2768 151 2807 ἀπὸ
176 2770 239 2806 τοῦ
263 2764 376 2815 ἀργός
399 2768 462 2803 καὶ
488 2764 526 2803 τὸ
554 2767 616 2813 φῶ
642 2762 679 2801 τὸ
706 2765 843 2811 φαίνω.
