1728 3120
272 164 376 210 Gar.
405 163 472 208 lv.
526 162 599 207 DE
633 161 831 207 VERBIS
860 160 1229 207 DENTALIBUS.
1396 166 1495 214 109

256 292 354 324 num
395 278 494 338 quid
531 279 768 323 commercii
811 277 965 322 habeat
1008 291 1100 321 cum
1138 278 1295 329 Κνιῦος
1336 272 1496 335 ἡσυχία

188 371 189 376 =
225 361 398 406 cumque
430 344 582 405 νωθής
617 354 658 390 et
686 349 846 406 νῶκαρ,
878 347 1075 390 decernat
1109 347 1178 403 qui
1215 344 1327 388 velit.
1384 343 1496 389 Inter

31 469 34 474 Δ
131 428 214 460 ae
241 415 378 460 futuro
409 421 552 460 carent
581 413 678 457 EM.
707 415 804 466 232,
834 415 900 458 15.
936 414 1062 458 refert
1091 414 1295 471 poeticum
1324 410 1496 457 λεύσσω

31 502 32 506 ’
101 485 182 534 4ξοῦ
211 481 385 539 βλέπω,
425 482 534 540 quod
562 489 776 540 utrumque
806 495 832 525 a
861 479 954 525 λάω
986 483 1172 526 extitisse
1201 481 1383 532 videtur3
1415 493 1496 524 nec

30 610 31 613 Ἴ
113 550 436 609 ‘cetPorphyrii
452 551 658 594 sententia
672 550 782 595 λέων
799 546 889 593 ἀπὸ
908 553 985 594 τοῦ
1002 548 1201 594 λεύσσειν
1213 548 1311 593 Sch.
1323 548 1370 591 ll.
1380 546 1496 590 XIII.

111 646 117 650 -
145 634 243 665 nam
275 620 389 666 leoni
423 622 588 679 proprie
624 621 816 664 tribuitur
843 619 892 663 τὸ
924 621 1148 680 γλαυκιᾷν.
1211 619 1329 672 Quae
1358 621 1402 662 in
1429 609 1499 663 ἶῶ

131 702 275 749 purum
302 695 463 740 exeunt,
494 690 631 744 sigma
655 689 884 732 asciticium
913 687 1079 740 habent,
1108 687 1350 746 τέρσεσθαι
1372 682 1499 744 παρά

28 812 30 815 v
103 758 286 817 ’θέρσω
323 758 539 814 μέλλοντα
577 757 776 803 αἶολικὸν
800 761 951 818 τροπῇ
988 749 1134 802 τοῦ-θ-
1172 757 1266 801 ΕΜ.
1297 757 1399 809 753,
1428 756 1498 800 38.

28 818 31 887 f
82 833 85 837 '
125 825 366 872 Eustathius
390 825 514 878 1074,
543 826 611 869 15.
643 824 693 870 ἐκ
718 828 798 870 τοῦ
826 825 959 884 τείρω
991 826 1132 882 τέρσω
1161 823 1364 869 αἰολικοῢ
1394 820 1502 868 ἂνα-

88 902 91 905 ’
109 891 272 952 μόντος
299 891 365 946 εἰς
389 894 512 948 θέμα
529 892 694 947 γίνεται
723 893 878 951 τέρσω,
909 906 1081 950 quarum
1104 895 1357 937 notationum
1379 892 1501 935 alteri

80 966 132 1001 '1³
173 961 292 1008 affert
309 961 560 1005 homericum
592 960 697 1004 illud
726 958 877 1019 ἠελίου
905 958 1171 1018 τερσήμεναι
1199 957 1312 1020 αὐγῇ
1343 967 1383 1004 et
1410 960 1502 1004 vul-

28 1029 29 1038 ’
73 1035 122 1069 ‘0-
163 1027 416 1087 εἶληθερεῖν
454 1027 500 1073 ἐν
537 1023 650 1087 ἡλίῳ
686 1028 934 1084 θέρεσθαι,
975 1041 1049 1086 pro
1088 1027 1221 1072 altera
1254 1029 1356 1072 facit
1391 1029 1501 1086 quod

26 1093 29 1107 ¹
130 1117 133 1137 ι
167 1094 402 1143 Ἀπόλλων
420 1090 534 1151 αἷμα
555 1095 735 1155 τέρσηνε
753 1096 855 1140 dixit
882 1109 957 1153 pro
978 1098 1184 1149 abstersit,
1213 1096 1346 1140 latina
1365 1104 1501 1140 autem

44 1222 45 1227 ¹
73 1203 83 1226 3
103 1178 270 1223 ergeo,
300 1164 516 1221 detergeo,
554 1171 700 1221 tergeo
730 1165 819 1208 sive
851 1171 971 1221 tergo
1002 1178 1028 1207 a
1053 1162 1184 1222 τείρω
1213 1171 1303 1209 tero
1332 1167 1501 1223 propius

71 1288 74 1293 ῃ
116 1254 121 1272 ι
144 1241 177 1279 t
203 1245 327 1292 quam
355 1245 383 1276 a
404 1232 528 1291 θέρω
556 1239 708 1276 torreo.
730 1237 795 1286 56)
836 1232 1060 1291 Τέῤῥομαι
1092 1231 1356 1291 ξηραίνομαι
1385 1234 1503 1277 attuli

24 1296 27 1308 f
81 1302 257 1350 tButtm.
286 1315 324 1359 p.
353 1300 451 1345 300.
507 1299 635 1344 Verbi
677 1296 798 1353 αἷίξω
834 1301 970 1345 forma
1005 1301 1171 1344 nativae
1211 1301 1390 1346 similior
1427 1315 1503 1360 ap·-

44 1374 46 1383 ²
78 1388 83 1397 ·
112 1377 144 1416 t
171 1371 215 1415 in
241 1368 374 1414 latino
402 1382 533 1425 auqeo
565 1375 606 1413 et
639 1370 797 1412 novitio
829 1365 968 1426 αἷὲγω,
1008 1370 1074 1412 cui
1104 1368 1264 1413 Coraes
1292 1371 1337 1413 in
1365 1370 1502 1415 Atact.

106 1436 201 1483 134.
231 1438 437 1496 componit
466 1437 589 1495 δέφω
617 1443 657 1480 et
688 1435 826 1493 δέψω,
854 1450 934 1480 nec
962 1437 1129 1481 multum
1152 1437 1347 1482 abhorret
1374 1437 1502 1490 δεύω,

22 1498 112 1572 'sm‘
153 1512 193 1551 et
218 1504 494 1550 humectando
528 1505 668 1561 rigida
708 1504 971 1548 emolliuntur
1000 1512 1039 1548 et
1077 1505 1321 1562 subigendo.
1382 1505 1505 1559 Quod

40 1573 54 1630 j
82 1573 197 1619 EM.
214 1573 283 1626 16,
311 1573 381 1616 35.
409 1573 558 1617 dicitur
586 1573 712 1631 δέψω
737 1586 789 1617 ex
821 1571 919 1628 ἕψω
951 1581 1079 1617 ortum
1109 1588 1219 1626 esse,
1248 1576 1382 1617 minus
1413 1587 1507 1618 cre-

20 1694 24 1710 Ι
73 1643 159 1688 bile
188 1648 252 1686 est
270 1653 394 1699 quam
423 1639 551 1698 ἕψειν
569 1646 609 1683 et
633 1639 750 1684 εῧειν
778 1654 870 1684 eam
890 1641 997 1684 inter
1026 1656 1072 1686 se
1094 1649 1134 1686 et
1161 1643 1279 1686 vocis
1308 1649 1348 1686 et
1374 1643 1506 1698 signi-

19 1695 62 1768 f,
92 1711 236 1756 tionis
256 1707 566 1752 similitudinem
594 1706 751 1751 habere
778 1716 821 1752 ut
848 1722 922 1767 pro
953 1711 1142 1765 cognatis
1167 1709 1315 1754 haberi
1345 1712 1507 1768 possint

46 1782 53 1788 ’
87 1778 248 1824 Goraes
279 1776 332 1820 ad
349 1774 534 1820 Xenocr.
561 1789 599 1834 p.
617 1775 712 1825 122.
760 1775 874 1820 Idem
892 1777 1054 1821 videtur
1083 1778 1133 1821 de
1155 1773 1338 1831 ἀλέξειν,
1370 1774 1507 1822 ἄλαλ-

41 1850 146 1901 Τίον,
182 1843 381 1892 ἇλεῦσαι.
440 1839 615 1896 Ἀὄάξω
655 1845 744 1888 sive
782 1841 930 1897 ὂὸάξω
969 1847 1126 1888 nemini
1168 1846 1333 1890 dubium
1370 1847 1506 1890 videri

45 1921 167 1961 test
197 1912 306 1958 unde
339 1912 528 1956 creverit.
588 1909 851 1964 Ceterorum,
893 1926 999 1969 quae
1031 1914 1075 1956 in
1102 1913 1183 1958 hac
1212 1914 1507 1959 dissertatione

26 1984 166 2041 tigi,
198 1982 318 2037 origo
347 1986 417 2024 aut
446 1979 572 2024 altior
599 1986 663 2023 est
692 1993 812 2038 quam
843 1987 886 2024 ut
914 1982 1090 2025 inveniri
1118 1983 1250 2040 possit
1279 1989 1348 2026 aut
1376 1984 1437 2033 ita
1464 1984 1509 2027 in

51 2059 56 2063 ’
92 2057 191 2096 mtu
219 2049 357 2107 posita
390 2054 432 2091 ut
463 2047 742 2105 explicatione
771 2062 855 2094 non
885 2056 1020 2106 egeat.

60 2224 61 2228 ’
124 2223 186 2268 56)
223 2221 348 2259 Schol.
374 2219 415 2256 11.
438 2219 504 2256 ΧΙ.
529 2219 607 2256 621.
641 2219 776 2268 ψύχειν
805 2222 877 2266 μὲν
903 2224 1046 2269 λέγεται
1073 2223 1163 2272 πρὸς
1188 2221 1351 2272 ἄνεμον,
1384 2228 1511 2273 τέρσε-

150 2280 193 2317 δὲ
217 2279 259 2316 εν
283 2276 384 2325 ἡλίῳ.
433 2277 526 2312 Hinc
548 2282 650 2324 patet
672 2278 710 2314 in
734 2278 818 2315 Sch.
845 2278 916 2315 od.
943 2280 1005 2316 vl.
1031 2281 1087 2317 98.
1111 2280 1149 2318 τὸ
1179 2282 1220 2318 ἐν
1242 2281 1330 2329 ἡλίῳ
1355 2285 1509 2332 ξηρᾶναι

74 2351 153 2387 γει,
186 2334 227 2374 τὸ
257 2336 299 2372 ἔν
332 2334 458 2381 ἀνέμῳ
486 2332 621 2381 ψύξαι,
653 2341 738 2382 post
770 2338 925 2383 ξηρᾶναι
947 2337 1177 2374 inserendum
1207 2352 1291 2375 esse
1324 2343 1507 2388 τερσῆναι,

35 2395 133 2437 flod]
158 2394 383 2432 Buttmanno
421 2403 495 2428 non
526 2392 768 2428 succurrebat.
815 2393 971 2431 Veteres
1002 2396 1062 2441 qui
1092 2395 1324 2444 πενθήμεναι
1351 2398 1399 2433 ad
1424 2411 1509 2435 πεν-

13 2425 75 2528 Ξὲ
103 2467 154 2492 rm
177 2451 319 2489 referre
344 2460 417 2486 non
439 2455 523 2485 sunt
548 2450 710 2494 reveriti,
739 2450 865 2485 nescio
892 2463 938 2487 an
962 2450 1179 2501 τερσήμεναι
1205 2455 1393 2490 maluerint
1416 2457 1510 2491 aori-

79 2528 82 2543 ·
103 2528 118 2543 ιι
152 2510 310 2547 activum
330 2507 452 2543 dicere
475 2504 748 2554 significationis
773 2508 944 2544 neutralis
967 2511 1180 2558 participem
1205 2518 1242 2547 ut
1266 2511 1449 2548 ἀλεαίνειν
1472 2519 1509 2548 et

30 2568 163 2605 *mulia
182 2579 220 2604 v.
248 2565 295 2602 ad
317 2563 377 2611 Aj.
403 2575 439 2611 p.
463 2563 542 2599 383.
567 2575 674 2610 quam
697 2570 734 2600 ut
762 2577 829 2611 pro
855 2566 1003 2612 passivo
1030 2568 1260 2615 acciperent,
1295 2569 1397 2616 eujus
1424 2571 1511 2616 legi-

12 2611 52 2671 „·⁴·
74 2644 87 2657 «ι
106 2644 109 2657 r
143 2625 263 2663 forma
285 2622 380 2659 foret
404 2619 560 2672 ἐτάρσην
583 2622 643 2658 vel
670 2620 834 2671 ἑτράσην.
