1728 3120
230 187 329 234 226
646 178 1114 224 DISSERTATIO
1156 179 1272 224 XIII.

234 304 275 339 et
290 294 427 347 ἐθίζω
449 306 475 335 a
493 293 708 349 primitivis
728 292 1029 348 significatione
1047 293 1286 338 notabiliter
1300 292 1503 346 differunt,
1529 294 1696 338 eadem·-

235 375 314 420 que
344 362 478 403 futuro
509 359 725 402 formando
752 362 863 403 viam
894 360 1050 404 faciunt
1073 374 1153 418 quo
1175 360 1251 404 illa
1280 366 1434 404 carent.
1489 358 1576 404 Sed
1607 362 1695 420 ple-·

233 431 373 484 risque
392 426 509 469 nulla
535 427 642 470 ratio
669 426 818 482 subjici
841 434 975 484 potest
989 429 1071 471 nisi
1088 427 1336 472 vocalitatis.
1391 425 1571 471 Diversa
1595 441 1695 472 vero

234 494 415 539 conditio
453 499 516 536 est
553 492 771 537 verborum
812 507 918 551 quae
947 493 1042 538 EM.
1074 495 1141 547 82,
1169 494 1208 538 4.
1243 493 1483 539 verbalibus
1523 496 1695 538 asserit:

234 559 296 613 ὡς
321 559 447 618 παρὰ
466 559 514 603 τὸ
546 558 713 617 σκαίρω
733 559 937 618 σκαρίζω,
968 560 1072 619 εἴρω
1103 560 1245 619 ἐρίζω,
1276 560 1392 606 οὕτω
1408 559 1547 619 μείρω
1575 564 1696 618 μερῶ

232 627 409 687 μερίζω.
467 626 572 670 Nam
604 626 684 671 hoc
720 629 855 684 potius
883 641 910 671 a
936 629 1070 686 μέρος
1100 629 1326 673 derivatum
1356 635 1441 681 est,
1471 630 1698 686 proximum.

234 696 287 739 ab
334 693 439 752 ἔρις.
498 693 560 737 De
597 695 727 751 primo
766 697 968 739 consentit
1003 695 1256 751 Phrynichus
1285 696 1391 754 App.
1419 694 1488 740 44.
1527 693 1697 752 σκαίρω

233 761 426 819 σκαρίζω
459 760 533 805 καὶ
570 756 792 818 ἆσκαρίζω
823 758 885 814 ὠς
910 762 1044 807 στένω
1077 763 1289 817 στενάζω,
1331 763 1409 807 sed
1434 763 1611 808 vicinius
1635 769 1698 806 est

234 827 400 886 σκάρος
435 829 564 886 piscis
600 841 751 872 nomen
778 831 1005 887 proprium,
1042 830 1148 873 unde
1180 830 1408 874 derivatum
1441 828 1610 874 verbum
1643 827 1694 872 ad

234 895 577 952 significationem
615 897 808 952 primitivi
842 895 1010 953 σκαίρω
1044 896 1280 941 revolvitur.
1338 895 1552 950 Quomodo
1589 896 1699 939 enim.

233 969 405 1020 nepotes
444 962 645 1005 interdum
684 976 852 1007 avorum
890 965 1026 1019 magis
1067 977 1188 1021 quam
1226 971 1384 1022 patrum
1424 963 1604 1008 indolem
1631 975 1700 1006 re-

234 1030 393 1081 ferunt,
430 1030 492 1073 sic
529 1029 658 1073 verba
683 1043 767 1073 non
797 1043 932 1088 pauca
968 1033 1148 1088 speciem
1187 1044 1213 1075 a
1247 1030 1502 1083 nominibus,
1540 1029 1696 1086 signifi-

234 1098 439 1142 cationem
461 1109 561 1140 vero
592 1109 618 1139 a
635 1096 787 1147 verbis,
816 1098 923 1140 unde
941 1097 1046 1142 haec
1074 1105 1305 1156 propagata
1322 1105 1426 1150 sunt,
1454 1103 1697 1149 mutuantur,

232 1171 276 1208 ut
305 1162 503 1221 θρυλίζω
533 1176 625 1207 cum
652 1162 810 1219 θραύω
841 1166 976 1219 magis
1010 1167 1198 1221 congruit
1232 1179 1354 1221 quam
1389 1178 1480 1209 cum
1514 1164 1697 1222 θρῦλος,

234 1238 276 1275 et
313 1229 529 1290 ῥαδανίζω
569 1231 767 1286 maj0rem
804 1230 930 1275 habet
967 1245 1058 1276 cum
1094 1229 1274 1291 βράσσω
1317 1231 1367 1277 τὸ
1406 1234 1514 1277 κινῶ·
1551 1230 1698 1275 simili-

232 1298 413 1342 tudmem
454 1309 575 1354 quam
613 1311 703 1341 cum
741 1296 942 1356 ῥαόανός.
1000 1298 1159 1351 Quibus
1198 1298 1296 1343 addi
1325 1305 1459 1356 potest
1482 1295 1697 1356 μορμύρω

232 1362 462 1422 μόρμυρος
495 1363 774 1421 μορμυρίζω,
820 1366 856 1408 si
895 1378 993 1408 vere
1032 1365 1236 1410 affirmant
1278 1367 1435 1423 piscem
1469 1363 1698 1423 μόρμυρον

233 1431 538 1475 denominatum
573 1444 669 1474 esse
702 1428 792 1475 ἀπὸ
823 1434 902 1476 τοῦ
929 1430 1172 1491 μορμύρειν
1197 1447 1237 1477 v.
1265 1432 1391 1477 Proll.
1419 1433 1515 1478 273.
1573 1430 1700 1476 Certa

230 1498 351 1555 hujus
380 1499 688 1554 progressionis
719 1498 908 1556 exempla
935 1499 1133 1556 praebent
1161 1497 1320 1558 ἐναίρω
1347 1498 1404 1544 τὰ
1437 1498 1573 1558 ἔναρα
1602 1497 1701 1544 ἕνα·
1727 1494 1728 1523 ³

232 1565 392 1623 ρι’ζειν,
431 1563 636 1621 καθαίρω
676 1563 879 1622 καθαρός
915 1565 1173 1623 καθαρίζειν
1209 1565 1262 1610 ab
1301 1565 1597 1610 Alexandrinis
1634 1567 1701 1609 in-

230 1639 412 1682 vectum,
450 1629 689 1688 μινύρομαι
716 1628 899 1688 μινυρός
924 1631 1224 1688 μινυρίζομαι,
1265 1630 1496 1691 κινύρομαι
1524 1629 1700 1690 κινυρός

231 1706 272 1742 et
311 1698 419 1756 quod
456 1696 692 1741 Zenodotus
736 1700 779 1741 in
818 1697 986 1742 Homeri
1026 1698 1121 1743 loco
1165 1700 1330 1758 scripsit
1372 1699 1596 1758 κινυρίζω,
1641 1712 1701 1746 εκ,

232 1766 380 1823 quibus
425 1767 702 1821 argumentari
751 1765 870 1818 licet,
916 1765 1201 1824 ,ιιορμυρίζειν
1241 1767 1451 1820 vocalem,
1505 1780 1610 1824 quae
1651 1767 1697 1810 in

229 1830 444 1891 μορμύρω
462 1832 710 1889 producitur,
740 1832 896 1876 habere
923 1832 1104 1884 brevem,
1135 1834 1360 1892 eademque
1376 1834 1472 1891 lege
1497 1846 1524 1878 a
1540 1849 1696 1892 στρογ-

230 1899 373 1956 γύλλω
405 1899 621 1943 formatum
657 1906 720 1943 est
754 1897 1039 1955 στρογγύλος,
1080 1899 1132 1944 ab
1162 1900 1242 1945 hoc
1268 1901 1581 1961 στρογγυλίζω,
1617 1915 1696 1944 συ-

229 1964 546 2023 στρογγυλίζω,
586 1965 637 2008 ab
673 1963 866 2020 ἀγγέλλω
903 1961 1107 2021 ἄγγελος,
1145 1967 1242 2012 hinc
1270 1964 1550 2025 ἆναγγελίζω.
1607 1965 1696 2011 Sed

230 2034 398 2089 saepius
417 2045 567 2075 nomen
593 2034 636 2074 in
655 2032 791 2075 medio
820 2034 997 2088 positum
1017 2033 1186 2076 excidit:
1214 2031 1335 2087 μύζω
1363 2034 1565 2088 μυχθίζω
1578 2033 1693 2077 Eust.

228 2098 325 2151 440,
352 2099 421 2141 22.
449 2095 606 2141 πάλλω
636 2097 877 2153 πελεμίζω,
907 2100 1064 2156 στῆναι
1085 2098 1324 2156 στηρίζειν,
1353 2103 1513 2154 γνῶναι
1540 2100 1696 2158 γνωρί-

232 2167 330 2217 ζειν.
387 2164 539 2208 Verum
567 2178 651 2209 non
677 2165 883 2221 barytona
911 2164 1046 2209 solum
1069 2164 1269 2210 Technici
1298 2165 1579 2223 huc··vergere
1607 2173 1694 2210 tra-

229 2233 339 2284 dunt,
367 2232 442 2276 sed
473 2234 764 2290 perispomena
792 2246 952 2289 quoque
974 2235 1150 2277 maxime
1179 2234 1336 2290 primae
1366 2234 1691 2290 conjugationis:

228 2298 355 2358 παρὰ
383 2298 434 2343 τὸ
467 2297 577 2343 αἰτῶ
606 2297 770 2356 γίνεται
801 2299 850 2342 τὸ
883 2296 1035 2353 αἶτίζω
1065 2300 1260 2358 Apollon.
1290 2301 1341 2344 de
1370 2300 1589 2346 Adv.572.
1620 2318 1693 2345 κο-

228 2366 320 2420 μέω
362 2365 411 2409 τὸ
441 2364 697 2424 θεραπεύω,
725 2366 775 2419 ἐξ
801 2359 853 2410 οὗ
887 2366 997 2410 κατὰ
1022 2366 1292 2425 παραγωγὴν
1318 2366 1367 2412 τὸ
1400 2368 1563 2423 κομίζω
1594 2367 1693 2413 Sch.

228 2431 343 2490 Lips.
373 2431 421 2475 11.
452 2432 521 2476 ΙΙΙ.
537 2432 633 2476 443.
665 2432 800 2477 Cram.
829 2432 971 2476 1.227.
1000 2439 1038 2478 et
1062 2434 1182 2490 plura
1210 2434 1425 2478 confertim
1453 2432 1690 2479 Eustathius

227 2500 324 2551 616,
353 2500 419 2543 16.
459 2501 675 2557 προκαλῶ
702 2499 998 2558 προκαλίζω,“
1017 2503 1190 2555 καναχῶ
1226 2499 1460 2556 καναχίζω,
1497 2505 1692 2557 στοναχῶ

228 2567 488 2622 στοναχίζω,
532 2570 693 2621 μοχθιῦ
733 2566 954 2621 μοχθίζω,
998 2567 1180 2620 πολεμῶ
1227 2566 1471 2623 πολεμίζω,
1517 2564 1691 2627 ἇτρεμῶ

230 2630 470 2691 ἀτρεμίζω,
509 2633 655 2691 quibus
693 2648 731 2692 p.
760 2633 857 2686 844,
886 2634 953 2676 32.
985 2640 1024 2677 et
1053 2633 1175 2685 1236,
1204 2635 1244 2676 2.
1283 2634 1396 2678 addit
1433 2636 1513 2680 τοῦ
1551 2634 1689 2689 ὄχλέω

228 2699 495 2757 παράγωγον
529 2699 579 2743 τὸ
619 2696 777 2755 ὄχλίζω
816 2697 876 2752 (ὗς
914 2700 963 2744 ἐκ
998 2702 1075 2744 τοῦ
1112 2697 1260 2745 ὁπλέω
1300 2697 1490 2755 ὁπλίζω,
1534 2697 1688 2759 ἆφρέω

229 2762 414 2823 ἂφρίζω.
472 2765 626 2811 Horum
648 2767 741 2820 duc,
772 2764 924 2820 αἰτίζω
945 2774 984 2810 et
1003 2766 1256 2826 προκαλίζω
1282 2781 1372 2812 cum
1390 2768 1503 2814 nullo
1523 2767 1686 2813 nomine
