1708 3126
1522 230 1570 262 lx

76 341 106 371 ·.
177 327 243 377 Ν.
280 326 470 376 Χ.-87.
507 341 569 373 eoe
599 340 689 374 non
720 325 898 389 genitis·
929 326 1074 390 gigni
1110 323 1229 372 dicit.
1303 322 1392 372 Sed
1435 327 1569 375 multo

67 399 84 452 -
123 419 260 482 *pius
290 417 340 465 fit
367 425 417 466 ut
435 416 659 479 indagato,
693 415 808 478 qnod
836 415 1009 478 probari
1045 415 1206 477 possit,
1243 422 1388 479 etymo
1425 426 1568 466 tamen

150 515 315 557 ¹reatur
362 507 416 556 oh
465 523 559 556 eam
606 522 781 554 causam
827 507 927 569 quia
970 521 1068 553 cum
1115 505 1386 554 derivatione
1427 508 1569 573 aliqua

154 599 263 647 essit
284 598 356 645 vel
378 597 548 660 figurae
584 598 656 645 vel
687 596 1019 660 significationis
1045 596 1245 654 mutatio,
1286 597 1411 660 cujus
1435 615 1568 648 causa

67 696 233 752 ’,μί-11111
264 688 380 736 clare
411 697 605 751 apparet.
678 687 726 735 Id
757 696 902 734 autem
927 687 1145 751 aliquanto
1175 687 1318 734 rarius
1346 686 1471 738 fieret
1506 693 1566 751 si,

225 778 351 842 leges
389 777 547 826 Graeci
591 779 633 825 in
682 777 919 825 derivando
963 778 1137 840 sequuti
1181 778 1296 836 sint,
1349 782 1568 842 cognitum

55 877 208 916 ‘esset
241 870 506 917 accuratius.
580 866 670 916 Sed
705 882 834 930 quum
873 875 1058 930 quatuor
1093 867 1181 913 sint
1215 869 1323 915 artis
1348 869 1567 920 Gramma·

35 958 195 1007 *tiene
241 967 419 1021 partes,
468 973 556 1006 una
600 958 882 1020 anagnostica
926 958 1022 1004 sive
1061 956 1113 1003 de
1157 957 1389 1019 prosodia,
1434 963 1570 1011 altera

55 1045 138 1098 ‘de
170 1048 455 1097 declinatione
491 1049 709 1096 nominum
742 1047 1096 1111 verborumque,
1143 1049 1271 1095 tertia
1308 1054 1566 1114 syntactica‚

79 1147 236 1203 quarta
264 1139 503 1188 consimilis
538 1140 600 1199 ei,
640 1155 765 1202 quam
802 1139 1050 1204 physiologi
1085 1138 1425 1202 morphologiam
1461 1159 1568 1191 nun-

34 1238 42 1259 1·
78 1239 275 1292 cupam,
315 1229 466 1277 harum
500 1230 688 1292 partium
723 1230 840 1277 nulla
881 1229 1051 1293 quidem
1078 1229 1141 1276 sic
1179 1238 1228 1276 ut
1263 1228 1388 1279 dehet
1424 1233 1567 1282 elabo-

79 1329 177 1368 rata
220 1329 290 1368 est
332 1320 409 1368 sed
443 1321 640 1367 minimos
685 1320 907 1383 profectus
953 1319 1102 1367 habuit
1146 1329 1384 1382 postrema.
1457 1324 1567 1372 Huic

80 1411 252 1474 inopiae
299 1419 350 1458 ut
396 1420 603 1474 quantum
645 1427 821 1474 possem
865 1411 1091 1471 mederer,
1145 1413 1390 1474 complures
1432 1415 1567 1464 libros

31 1482 53 1571 ᾗ
77 1499 195 1548 edidi
221 1500 274 1549 de
309 1500 565 1549 formatione
595 1502 905 1550 vocabulorum
942 1503 1181 1566 eodemque
1210 1504 1390 1551 consilio
1414 1509 1456 1553 in
1488 1506 1569 1554 hoc

38 1575 53 1625 ἶ
80 1590 300 1639 volumine
343 1592 480 1640 verba
523 1593 741 1656 primitiva
791 1603 836 1640 et
880 1593 1074 1641 derivata
1118 1595 1422 1658 nominumque
1470 1613 1569 1645 ver-

32 1682 49 1740 j·
79 1679 242 1729 balium
271 1698 434 1745 genera
464 1684 695 1745 praecipua
731 1693 1002 1746 exsequutus
1039 1698 1154 1729 sum.
1226 1682 1385 1747 Neque
1411 1701 1570 1734 vereor

35 1756 42 1819 s
80 1787 135 1819 ne
174 1787 267 1820 rem
300 1772 497 1820 inutilem
533 1781 580 1819 et
610 1771 834 1819 doctorum
872 1772 1029 1819 studiis
1067 1772 1288 1835 indignam
1319 1778 1568 1838 suscepisse

81 1860 251 1909 videar.
323 1861 438 1910 Nam
463 1863 502 1909 si
522 1871 675 1910 natura
703 1862 829 1909 nobis
853 1872 1130 1924 prospectum
1151 1863 1204 1910 ad
1234 1865 1329 1925 ipsa
1354 1869 1568 1915 sermonis

38 1999 39 2018 3
80 1951 339 2000 incunabula
378 1953 643 2015 praeclusit,
686 1962 732 2000 at
777 1962 896 2001 certe
944 1954 1208 2000 incrementa
1246 1954 1342 2016 ejus
1391 1965 1435 2003 et
1469 1974 1568 2019 per-

20 2029 27 2076 Ϊ
82 2041 310 2089 sectionem
346 2042 459 2090 haud
502 2042 642 2090 dubiis
686 2044 888 2106 vestigiis
925 2043 1131 2106 indagare
1175 2059 1428 2105 possumus.
1501 2048 1568 2094 In-

16 2110 27 2152 s
81 2131 225 2178 stituti
262 2140 407 2179 autem
442 2133 527 2180 mei
562 2133 672 2180 ratio
709 2149 794 2196 quo
833 2133 999 2180 facilius
1032 2134 1218 2196 perspici
1253 2135 1420 2196 possit,
1469 2137 1568 2184 huic

81 2221 335 2283 praefationi
374 2221 632 2286 subjUnctus
678 2231 748 2269 est
789 2222 993 2269 elenchus
1038 2223 1225 2285 capitum
1268 2225 1362 2272 sive
1409 2226 1568 2274 disser-

16 2355 25 2377 ,ᾖ
81 2311 322 2377 tationum,
373 2326 553 2374 quarum
599 2311 831 2374 pleraeque
870 2312 961 2375 jam
999 2321 1099 2359 ante
1143 2314 1386 2376 complures
1435 2333 1569 2365 annos

9 2390 37 2458 ἶς’
56 2412 59 2415 ·
81 2410 446 2464 programmatum
472 2401 813 2448 academicorum
847 2403 943 2448 loco
971 2402 1110 2449 editae
1148 2412 1266 2450 sunt.
1341 2405 1569 2455 Postrema

81 2490 273 2554 pertinet
311 2490 364 2538 ad
408 2482 706 2554 explicandam
753 2493 1079 2553 quaestionem,
1122 2492 1258 2555 cujus
1303 2496 1344 2541 in
1382 2506 1569 2544 tractatu

9 2559 36 2631 s}
82 2579 315 2628 verborum
339 2581 514 2644 saepius
539 2582 697 2628 mentio
734 2580 901 2641 incidit,
938 2581 990 2627 de
1024 2584 1281 2629 commercio
1308 2585 1421 2646 quod
1457 2587 1571 2633 inter

83 2669 294 2718 vocabula
343 2686 549 2718 sensuum
599 2671 847 2719 intercedit.
933 2670 1164 2719 Universis
1211 2688 1318 2719 vero
1368 2675 1569 2738 inscripsi

82 2775 307 2808 commune
348 2776 503 2808 nomen
539 2760 895 2823 Technologiae,
945 2761 1026 2807 etsi
1063 2760 1142 2806 hoc
1190 2777 1273 2808 non
1312 2763 1452 2811 solum
1484 2766 1568 2813 sor·
