1728 3120
161 187 265 232 CAr.
291 187 360 232 111.
403 186 476 231 DE
503 186 937 232 GUTTURALIBUS
964 186 1038 231 ET
1062 186 1317 241 LIQUIDIS.
1376 189 1476 238 239

18 301 267 356 ἶαἰιιθιιιίιιιιι
296 315 392 347 esse
423 303 579 348 monuit
608 300 768 346 Coraes
798 302 853 346 ad
881 301 1087 346 Plutarch.
1110 300 1162 345 T.
1182 299 1249 343 VI.
1263 300 1359 345 438.
1412 301 1477 345 Ac

44 384 52 402 1
70 371 163 430 quis
189 369 297 414 haec
315 383 479 428 quoque
498 371 739 428 paronymis
766 370 1039 414 adnumerare
1061 370 1253 419 obstinet,
1285 371 1478 414 continuo

39 458 43 475 ι
79 444 247 484 currunt
266 433 503 493 Ἀκαχῦναι
536 433 755 482 ἀνιᾶσθαι
782 436 881 481 Hes.
922 444 966 481 ut
993 439 1038 481 in
1067 438 1158 482 cod.
1189 438 1385 494 scriptum
1417 444 1482 482 est

62 526 67 546 t
110 503 426 564 Ἀκαχήμεναι,
465 511 506 550 et
540 506 650 562 quod
678 504 775 548 EM.
807 507 1016 562 suggerit:
1056 508 1136 549 τοῦ
1166 501 1308 561 ἀλέγω
1331 503 1483 563 παρά-

29 622 32 626 ,
67 590 144 632 γον
185 571 236 618 τὸ
283 569 470 629 ἀλεγίζω
515 572 591 617 καὶ
634 569 904 628 oilardum&
973 572 1075 616 Cum
1119 572 1199 617 hoc
1241 572 1482 618 Eustathius

27 638 28 641 ’
66 648 127 694 ”,
156 640 224 686 17.
261 640 421 685 confert
452 637 620 698 πλήθω
655 637 893 697 πληθύνω,
932 641 1008 685 sed
1035 639 1130 684 EM.
1160 641 1257 694 676,
1285 641 1353 684 52.
1394 642 1483 685 alia

16 727 43 750 =.›
108 708 317 768 procedit:
360 705 578 766 πληθύνω
617 707 666 754 ἐκ
706 711 786 752 τοῦ
828 707 1044 766 πληθύω,
1087 710 1219 753 τοῦτο
1262 707 1392 769 παροῖ
1428 710 1481 754 τὸ

16 774 182 836 ἐληθύς
210 793 284 821 και
311 776 506 834 πλῆθος,
534 778 666 820 τοῦτο
693 774 821 833 παρὰ
849 776 900 820 τὸ
930 777 1033 820 nm
1061 775 1241 834 πλήθω.
1298 777 1339 820 Α
1367 777 1483 836 τρέω

31 846 179 898 tino,
214 843 324 889 unde
355 840 546 902 ὀτρηρός
575 844 724 901 agilis,
756 843 984 888 derivatum
1011 845 1174 888 videtur
1202 839 1394 901 ὀτρύνω,
1424 845 1479 889 ab

154 907 294 968 ὃχύνω
323 913 351 955 i.
379 925 418 969 q.
456 907 595 966 ὄχεύω
624 911 723 956 Hes.
755 924 782 955 a
817 911 958 969 τορέω
993 909 1176 970 τορύνω.
1233 910 1315 955 Pro
1346 914 1483 956 Μοσ-

12 1002 50 1020 =›
80 982 145 1026 εἶν
172 981 413 1035 μασᾶσθαι
440 973 655 1036 βραδέως
661 979 761 1023 Hes
789 978 1054 1023 scribendum
1078 978 1243 1022 videtur
1258 976 1482 1031 μασύνειν,

20 1050 117 1094 “us
136 1062 324 1109 propago
343 1056 410 1094 est
423 1062 575 1093 nomen
591 1045 825 1104 μασύντης,
854 1047 1109 1103 μασυντίας.
1168 1047 1215 1091 Ιιι
1245 1065 1342 1091 ωνω
1373 1061 1481 1106 quae

34 1124 161 1171 eunt,
193 1116 414 1162 harbaries
445 1118 596 1160 aetatis
625 1114 878 1160 christianae
903 1115 1104 1174 profudit:
1135 1113 1335 1174 σαρώνω,
1364 1117 1482 1173 πλη-

28 1208 56 1224 1ι
90 1202 126 1229 ω
155 1191 234 1229 etc.

110 1277 150 1334 ξ.
181 1277 222 1321 3.
279 1276 389 1321 Ante
410 1265 492 1335 ’ρῖ
513 1276 632 1320 nulla
666 1277 870 1335 reperitur
908 1275 1071 1320 vocalis
1109 1281 1278 1334 praeter
1312 1275 1482 1335 ypsilon

78 1342 171 1404 ’ρω,
198 1341 494 1403 μαρτύρομαι,
523 1341 756 1402 πλημύρω,
786 1357 957 1402 quorum
982 1344 1156 1400 primum
1185 1350 1321 1400 etymo
1353 1350 1482 1397 caret,

27 1409 224 1475 {cundum
252 1418 294 1457 et
329 1412 494 1456 tertium
528 1412 764 1457 nominibus
800 1409 1028 1470 μάρτυρος
1065 1418 1105 1455 et
1138 1409 1351 1470 πλήμυρα
1381 1426 1482 1456 con-

17 1478 32 1540 'ss
52 1487 138 1526 cta
164 1485 280 1532 sunt,
318 1487 360 1525 et
385 1479 558 1525 verbale
589 1478 862 1539 σκαλαθύρω
888 1492 916 1523 a
942 1480 1148 1537 primitivo
1179 1478 1357 1524 σκάλλω
1386 1480 1480 1524 lon-

23 1542 93 1594 fus
123 1548 353 1593 deductum.
410 1546 499 1592 Nec
537 1547 882 1606 diphthongorum
917 1546 1007 1590 ulla
1042 1546 1123 1590 huc
1155 1548 1279 1590 intrat
1315 1555 1483 1605 praeter

19 1619 23 1626 '
76 1626 117 1663 et
140 1608 200 1664 ’ἕῖ
255 1617 377 1661 lllam
407 1631 514 1676 quae
545 1617 811 1675 subsequitur
837 1617 974 1668 litera,
1003 1617 1046 1659 in
1074 1629 1157 1660 uno
1183 1616 1484 1675 τεκμαίρομαι

16 1703 28 1733 ι
62 1687 228 1732 nomine
262 1686 469 1744 primitivo
505 1692 738 1744 propagata
780 1691 863 1736 est,
904 1685 1074 1742 saepius
1112 1690 1258 1741 sponte
1295 1687 1483 1729 nascitur

36 1757 118 1815 ρῶ
146 1755 339 1814 κεραίρω
372 1749 435 1806 ὥς
466 1755 570 1798 σπῶ
600 1752 780 1812 σπαίρω
817 1751 932 1796 Eust.
961 1751 1058 1804 746,
1087 1751 1155 1796 48,
1188 1751 1240 1795 cf.
1273 1750 1480 1810 Spitzner.

36 1822 176 1870 bserv.
217 1822 262 1866 in
290 1820 428 1874 Quint.
456 1821 525 1865 72.
561 1834 589 1864 a
627 1820 760 1878 γέρας
787 1819 1003 1877 γεραίρει),
1046 1816 1181 1875 ἓῇζθος
1210 1817 1409 1878 ἐχθαίρω
1443 1827 1484 1865 et

43 1894 89 1938 ia
113 1892 169 1938 ad
195 1891 456 1936 Buttm.388.
501 1891 692 1949 Quinque
720 1904 795 1949 per
822 1881 870 1934 ἷῖ
889 1888 1126 1942 efferuntur,
1156 1903 1328 1947 quorum
1358 1904 1481 1935 unum

29 1957 206 2020 ’κτείρω
225 1959 448 2004 manifesto
474 1972 722 2018 paragogon
753 1965 840 2011 est3
867 1970 964 2001 nam
983 1957 1093 2015 quod
1122 1959 1165 2000 in
1183 1955 1393 2010 EM.304‚
1411 1958 1483 2002 24.

10 2030 149 2074 'citur
176 2023 271 2085 ἷίγω
305 2024 483 2085 ἀγείρω,
519 2025 614 2072 §Bw
643 2025 822 2084 ἕθείρω,
851 2027 1024 2084 primum
1053 2038 1138 2069 non
1167 2028 1359 2069 convenit
1389 2040 1483 2070 cum

16 2098 22 2112 '
49 2094 168 2154 εἰρω,
198 2096 315 2153 cujus
330 2095 579 2154 primitivum
591 2094 754 2139 videtur
769 2091 897 2153 ἐγρω,
928 2096 996 2138 cui
1012 2092 1148 2137 simile
1166 2087 1287 2152 ὅγρω
1305 2090 1483 2153 ἀγείρω,

8 2124 174 2209 &terum
204 2176 232 2207 a
261 2162 566 2220 significatione
595 2163 715 2207 verbi
744 2163 904 2206 desueti
932 2161 1102 2218 longius
1135 2161 1256 2206 abest
1286 2175 1409 2219 quam
1437 2171 1481 2207 ut

9 2229 52 2277 'b
91 2245 143 2276 eo
181 2231 411 2276 derivatum
447 2229 652 2274 videatur.
707 2229 824 2274 Haec
860 2236 900 2273 et
936 2225 1074 2284 ἀείρω
1103 2232 1408 2288 praeoccupavi
1437 2233 1482 2275 in

14 2301 111 2345 ¹)iss.
142 2297 188 2342 V.
218 2299 255 2355 §.
281 2297 323 2342 4.
362 2298 512 2342 Adnot.
578 2296 641 2341 De
683 2296 841 2340 Suidae
879 2297 1029 2352 glossa
1059 2293 1250 2355 Ἀζείρει
1291 2296 1340 2340 τὸ
1383 2298 1483 2352 ζέει,

13 2365 152 2427 ὲζήρει
181 2366 231 2411 δὲ
258 2365 309 2411 τὸ
342 2363 558 2424 ξηραίνει,
589 2363 724 2408 adhuc
752 2363 857 2407 nihil
885 2365 1080 2408 extricari
1106 2367 1248 2422 potuit,
1280 2378 1359 2409 nec
1390 2380 1482 2410 cre-

28 2435 127 2480 '·ile
156 2441 221 2479 est
247 2447 323 2493 pro
350 2430 516 2487 ἀζαίνω
544 2445 724 2490 unquam
753 2438 993 2491 usurpatum
1019 2445 1116 2476 esse
1148 2429 1311 2492 ἀζήρω.

15 2625 18 2629 .
87 2597 126 2643 5)
162 2595 263 2633 Idem
288 2601 423 2632 sonant
450 2594 678 2645 Ἀβρίζεσθαι
708 2591 937 2643 ἁβρύνεσθαι
959 2592 1046 2630 Hes.
1076 2595 1290 2641 μαλακίζειν
1311 2591 1482 2642 μαλακύ-

21 2666 96 2704 ξιν,
125 2655 335 2703 ἔλαφρίζειν
357 2650 601 2701 ἑλαφρύνειν,
627 2651 812 2699 ὁμαλίζειν
838 2648 1055 2698 ὀμαλὺνειν,
1080 2651 1148 2687 sed
1170 2653 1327 2693 κακίζειν
1353 2658 1389 2687 et
1413 2665 1482 2688 κα·

14 2709 124 2772 nivem
146 2711 293 2760 saepius
318 2709 514 2747 diversum,
