1728 3120
251 232 349 278 306
656 222 1126 268 DISSERTATIO
1171 223 1320 269 XVIII.

252 348 293 384 ut
321 337 425 396 ἣδω,
457 342 601 379 contra
630 349 734 392 quos
765 335 874 379 idem
895 337 1050 380 monuit
1077 335 1294 379 trochaica
1321 337 1462 380 omnia
1489 339 1580 382 sine
1613 331 1728 396 asp&

251 408 412 449 ratione
448 402 675 459 promenda
705 415 800 446 esse
829 401 924 445 EM.
983 401 1070 445 Sed
1100 415 1227 459 saepe
1265 401 1602 448 haesitamus-ob
1632 397 1728 518 caiz*

251 485 338 515 rem
369 469 477 526 quod
514 471 722 513 nescimus
759 469 985 526 penultima
1027 469 1330 525 bisyllaborum
1367 475 1498 514 utrum
1538 473 1697 516 acuend

253 540 306 581 sit
337 550 390 579 an
418 535 775 580 circumducenda.
834 534 896 579 De
916 537 1050 593 prima
1069 535 1277 579 vocalium
1285 548 1394 600 —rem
1421 537 1626 594 expedivit
1644 532 1728 599 Heqff

250 607 449 650 rodianus
473 623 520 649 π.
540 608 659 647 Μον.
677 605 746 656 35,
773 605 842 648 31,
872 604 926 648 τὰ
961 602 1024 655 εἷς
1041 595 1133 659 {E}
1157 607 1258 658 (scr.
1291 608 1356 670 ος)
1385 602 1572 662 λήγοντα
1604 599 1728 659 οὗδὲἕήζ

252 692 359 731 τερα
380 672 624 728 δισύλλαβα
645 671 684 716 εἰ
717 672 805 728 ἐξίει
826 673 913 729 πρὸ
947 676 1024 717 τοῦ
1052 673 1205 724 τέλους
1233 674 1282 717 τὸ
1316 690 1356 724 α,
1389 675 1728 738 συνεσταλμένοή

252 739 430 790 πάντως
471 738 581 793 ἔχει,
626 737 799 790 πάθος,
841 738 975 789 κάλος
1008 738 1187 794 (θάλος)
1218 737 1349 791 δάος,
1389 739 1532 797 nptias,
1572 739 1728 797 πάγος-’ὲ

252 805 416 861 μάθος,
445 804 596 856 νάπος,
628 803 770 856 τάνος,
797 802 944 855 σάκος,
975 802 1120 857 τάκος,
1151 803 1301 862 βάρος,
1333 803 1374 850 εὶ
1400 806 1461 864 μὴ
1494 805 1604 850 κατὰ
1633 802 1728 857 διά-ἆ

254 875 405 916 λεκτον
442 869 510 927 εἴη
540 870 689 928 ὥςπερ
718 871 769 915 τὸ
798 874 966 927 πᾶρος,
1005 875 1166 924 μᾶκος,
1207 873 1359 924 δᾶνος,
1399 875 1585 930 πρᾶγος.
1645 876 1728 929 Σῃὲ

252 940 441 994 μειῶδες
462 934 553 995 ἄρα
581 937 631 982 τὸ
652 936 812 995 φάρος.
869 937 947 981 Hic
971 951 1045 995 pro
1064 938 1194 989 τοῖνος
1214 946 1284 982 aut
1309 936 1440 995 γάνος
1468 939 1728 983 scribendum

255 1019 351 1048 esse
382 1012 450 1048 aut
488 1002 640 1055 δᾶνος,
678 1018 752 1061 pro
782 1003 904 1061 ψάος
941 1012 1010 1047 aut
1040 1003 1159 1061 φάος
1195 1012 1263 1049 aut
1288 1004 1396 1061 χάος
1425 1019 1477 1049 ex
1506 1006 1602 1050 Arc.
1633 1006 1728 1050 195.-

254 1086 328 1129 pro
349 1070 482 1121 τάκος
509 1078 644 1114 autem
667 1069 802 1127 ῥάκος
830 1071 941 1114 videt
960 1085 1062 1114 unus
1093 1075 1279 1129 quisque.
1339 1071 1425 1116 Sed
1448 1071 1728 1116 difficultatem

253 1141 467 1183 facessunt
485 1138 863 1195 macroparalecta3
894 1140 1040 1194 πᾶρος
1061 1137 1279 1182 Seidlerus
1309 1139 1605 1183 substantivum
1631 1153 1728 1183 esse

254 1212 366 1263 putat
405 1205 609 1260 adjectivo
651 1201 797 1261 πηρός
835 1206 1064 1260 appositum
1106 1205 1296 1262 idemque
1334 1205 1575 1261 significans
1619 1205 1728 1263 quod

254 1270 471 1329 πήρωσις.
528 1270 597 1313 Ad
627 1270 849 1314 secundum
880 1271 988 1326 quod
1014 1272 1168 1322 attinet,
1198 1271 1247 1314 L.
1273 1271 1579 1318 Dindorfiusin
1599 1272 1728 1317 Thes.-

256 1339 399 1388 δᾶνος,
428 1339 570 1394 inquit,
599 1338 779 1391 fortasse
808 1339 1013 1392 siqnificat
1042 1339 1304 1387 ariditatem,
1335 1338 1411 1382 sed
1439 1341 1627 1383 novimus
1658 1353 1728 1384 so-

253 1404 336 1447 lum
378 1404 624 1459 adjectivum
664 1401 812 1453 δανός,
852 1405 916 1446 cui
959 1404 993 1445 si
1036 1402 1335 1447 substantivum
1377 1404 1576 1461 affingere
1612 1406 1728 1458 libet,

255 1470 386 1519 δᾶνος
413 1470 644 1526 ponendum
680 1476 743 1511 est
777 1483 860 1512 non
891 1470 1040 1526 δῆνος,
1077 1469 1339 1513 Herodianus
1377 1478 1513 1515 autem
1548 1473 1728 1530 loquitur-

254 1535 305 1578 de
338 1537 502 1578 nomine
522 1538 638 1592 cujus
669 1535 794 1593 alpha
821 1549 902 1578 non
931 1537 1112 1579 nativum
1143 1541 1207 1579 est
1235 1537 1311 1579 sed
1342 1537 1453 1582 κατὰ
1483 1538 1726 1583 διάλεκτον.

253 1600 470 1644 Meinekio
499 1602 640 1645 Anall.
671 1616 709 1659 p.
738 1602 831 1644 123.
864 1604 1005 1652 πᾶνος
1034 1602 1200 1658 placuit,
1231 1605 1347 1659 cujtis
1378 1617 1511 1660 genus
1540 1613 1728 1649 neutrum

253 1669 398 1711 nescio
427 1682 508 1725 quo
538 1675 720 1720 constet;
759 1668 897 1711 lenius
934 1668 1158 1711 remedium
1188 1669 1295 1712 foret
1328 1671 1460 1722 λᾶνος
1486 1671 1608 1723 lana,
1651 1673 1728 1716 sed

254 1735 393 1778 dubito
427 1748 481 1778 an
513 1735 631 1778 nulla
660 1735 916 1778 correctione
950 1747 1051 1791 opus
1083 1736 1158 1786 sit3
1200 1749 1296 1779 nam
1324 1735 1460 1780 Dores
1488 1751 1564 1795 pro
1595 1739 1728 1796 δῆνος

253 1802 409 1843 dixisse
430 1802 562 1852 δᾶνος
587 1802 797 1856 colligitur
826 1814 877 1843 ex
894 1799 1091 1855 Hesychii
1112 1801 1208 1845 loco
1229 1801 1411 1853 Ἀδανές
1436 1800 1728 1861 ἆπρονόητονε

251 1867 296 1909 In
315 1866 541 1911 Herodiani
571 1868 679 1911 libro
710 1868 760 1911 de
777 1867 1086 1911 Dichron.259.
1117 1881 1168 1911 ex
1193 1868 1383 1912 dialectis
1409 1881 1533 1914 unum
1559 1870 1728 1914 affertur*

250 1936 403 1986 μᾶκος.
464 1933 585 1985 Quod
611 1948 711 1978 vero
742 1933 985 1990 Spitznerus
1015 1934 1061 1977 ll.
1087 1933 1161 1977 XI.
1180 1934 1246 1977 88.
1275 1941 1441 1979 veteres
1469 1937 1728 1981 dissensisse

251 2000 351 2043 dicit
378 2007 509 2042 utrum
541 1997 650 2050 ὂίδος
680 2000 941 2043 scribendum
972 2014 1025 2043 an
1056 1995 1174 2050 ἆδος,
1205 2002 1394 2056 equidem
1423 2014 1546 2046 unum
1572 2002 1728 2048 Busta«

250 2066 377 2108 thium
406 2065 485 2108 huc
525 2066 754 2109 inclinasse
795 2067 973 2120 cognovi
1004 2073 1046 2108 ut
1075 2061 1182 2115 ἇδος
1218 2068 1535 2123 perispomenon
1565 2070 1728 2114 faceret

249 2139 443 2188 tanquam
475 2132 527 2174 ab
558 2129 722 2189 ἆδῆσαι
753 2132 1000 2183 derivatum,
1029 2132 1137 2188 quod
1168 2145 1219 2175 ex
1249 2129 1442 2190 ἆηδῆσαι
1470 2142 1728 2193 contractum}

250 2212 346 2241 esse
374 2198 496 2249 1400,
525 2196 594 2240 34.
653 2196 808 2241 Nostra
835 2212 935 2242 vero
965 2200 1165 2242 memoria
1193 2196 1463 2243 Buttmannus
1488 2199 1597 2245 hanc
1626 2211 1728 2250 sen-t

247 2266 417 2308 tentiam
452 2264 664 2321 amplexus
703 2272 767 2307 est
794 2263 928 2308 Lexil.
958 2264 1011 2308 Il.
1039 2264 1133 2307 134.
1166 2271 1334 2309 auctore
1371 2266 1578 2322 neglecto.
1634 2266 1728 2336 Sodi

248 2338 291 2374 ut
325 2332 551 2375 concedam
581 2333 623 2373 in
652 2338 832 2388 tempus,
872 2332 981 2389 quod
1013 2333 1100 2387 jam
1127 2332 1264 2375 multis
1301 2333 1443 2377 verbis
1471 2335 1728 2392 impugnavit

248 2405 395 2440 neutra
422 2397 654 2453 hujusmodi
693 2411 720 2440 a
746 2398 888 2442 verbis
925 2397 1196 2442 circumflexis
1230 2398 1421 2443 derivata
1459 2412 1579 2452 esse,
1616 2402 1720 2446 illud

249 2464 362 2507 nullo
394 2465 514 2508 modo
552 2466 764 2520 impetrari
800 2472 936 2522 potest
963 2472 1006 2508 ut
1034 2478 1062 2508 a
1085 2465 1227 2508 verbis
1268 2467 1508 2523 compositis
1537 2468 1703 2512 derivat

248 2531 487 2583 credamus3
515 2544 611 2574 nam
634 2532 676 2573 in
701 2534 880 2575 maximo
904 2531 1181 2588 exemplorum
1207 2545 1378 2576 numero
1405 2546 1458 2576 ne
1488 2546 1609 2576 unum
1627 2536 1723 2591 quis,

248 2598 340 2640 dem
378 2599 580 2659 reperitur
617 2598 954 2654 parasyntheton.
1013 2596 1161 2640 Obstat
1195 2611 1296 2642 vero
1328 2600 1452 2642 etiam
1479 2599 1722 2645 Aristarchi

246 2666 471 2707 auctoritas
500 2666 543 2706 in
577 2662 719 2706 Schol.
751 2665 804 2707 ad
834 2665 862 2707 l.
891 2678 925 2708 c.
956 2671 996 2707 et
1024 2663 1071 2706 V.
1097 2663 1192 2706 203.
1227 2663 1336 2714 ἅδος
1375 2666 1635 2711 δασυντέον·
1665 2667 1717 2712 τὸ

243 2732 326 2789 γὰρ
356 2724 393 2776 οἷ
417 2732 507 2790 πρὸ
537 2735 614 2776 τοῦ
642 2723 750 2775 δόν
780 2731 969 2790 καὶμὴ
1001 2730 1121 2786 ἔχον
1149 2733 1474 2791 στερητικὴν
1503 2731 1715 2779 ἔννοιαν

243 2796 270 2853 ἢ
301 2801 455 2854 κρᾶσιν
495 2798 766 2842 δασύνεσθαι
805 2799 952 2847 θέλει,
991 2805 1030 2841 et
1059 2797 1172 2841 Eust.
1201 2799 1299 2851 593,
1334 2801 1369 2842 Ι.
1422 2797 1715 2859 Ἀρίσταρχος
