1708 3126
224 189 288 236 66
678 154 1131 225 ulsSERTA‘rio
1176 181 1244 224 111.

222 297 331 352 ιιιένη
361 295 471 338 salso
501 294 665 350 quidem
693 292 767 336 sed
796 299 935 335 tamen
963 299 1005 335 ut
1031 292 1146 336 verbi
1175 292 1300 350 θρέω
1329 291 1450 336 fidem
1479 293 1629 346 saciat;
1666 322 1681 335 ,

224 365 360 418 magis
394 362 519 404 etiam
550 359 782 414 Hesychius
806 355 1003 414 Ἔνθρεῖν
1032 357 1294 416 φυλάσσειν,
1332 361 1398 403 cni
1426 357 1658 409 Ruhnkeniu

224 430 278 472 ad
294 427 392 470 Hes.
408 425 569 481 Theog.
585 425 681 468 903.
714 426 971 468 correctione
989 438 1171 482 mparum
1183 425 1443 484 probabilem
1468 431 1546 470 nec
1571 439 1687 484 porr⁴

224 495 510 538 necessariam
540 491 708 535 adhibet
739 491 916 548 ἑνωρεῖν
949 493 1104 535 nemini
1141 492 1304 536 lectum.
1361 491 1438 536 His
1467 495 1612 536 nescio
1642 506 1685 536 a.

225 562 396 617 adjungi
432 561 566 616 possit
598 555 868 616 Τερθρεύειν
905 561 1053 615 τηρεῖν
1088 562 1274 603 σκοπεῖν
1299 557 1399 602 Hes.
1427 558 1537 616 quod
1575 559 1689 615 redu]

223 628 367 685 plicati
407 627 543 670 simile
585 625 748 669 videtur
783 630 823 667 et
861 621 1085 680 Τερθρεία
1122 624 1300 683 γοητεία
1342 622 1371 682 ’ἢ
1411 623 1682 682 περιπάθει

226 694 335 738 Tir‘n.
353 693 454 736 Lex.
484 692 564 736 hoc
597 699 662 735 est
690 692 927 748 superstitio
954 690 1164 745 religioni,
1192 697 1235 734 ut
1250 690 1398 737 Cicero
1427 691 1573 735 eodem
1601 692 1686 736 loc

226 761 434 811 declarat,
463 761 625 810 vicina3
661 765 870 815 postremo
901 757 953 800 ab
984 757 1129 800 eodem
1150 757 1274 815 θρέω
1292 757 1493 815 producta
1509 761 1674 816 suspice·

231 825 508 885 Θραινομένη
537 827 806 883 προορῶσα,
835 824 946 881 quod
980 837 1031 866 ex
1060 825 1169 867 serie
1198 824 1411 868 literarum
1440 824 1695 885 substitutus

224 901 289 937 est
318 906 393 950 pro
422 891 712 949 θραννομένη,
746 898 787 935 et
821 889 1023 947 Θρώσσει
1054 894 1263 947 φοβεῖται
1292 890 1372 935 hoc
1401 898 1466 934 est
1491 891 1697 936 reveretu''

225 967 266 1004 et
293 965 514 1016 respectat,
544 971 679 1014 neque
701 964 766 1001 est
793 957 901 1000 unde
925 969 1076 1000 nomen
1105 955 1319 1014 θρωσμός
1347 959 1601 1002 commodius
1626 959 1695 1013 de,

225 1027 354 1071 rivari
387 1031 549 1082 posset,
591 1026 628 1067 si
666 1024 708 1067 id
747 1024 885 1067 locum
924 1022 1178 1078 significaret
1206 1023 1314 1066 unde
1350 1032 1593 1082 prospectus
1622 1038 1670 1081 es

224 1093 334 1150 quod
361 1098 544 1135 veterum
574 1090 703 1147 aliqui
734 1090 1016 1141 crediderunt,
1045 1096 1088 1132 ut
1115 1088 1285 1132 Photius
1315 1088 1533 1149 θρωσμός
1559 1087 1700 1150 τόπο-

225 1155 300 1216 ἆφ)
334 1175 387 1202 ου
416 1156 550 1211 (ἐστι)
579 1159 737 1214 θορεῖν
766 1156 794 1200 ὅ
824 1156 916 1200 ἐστι
945 1153 1210 1199 θεάσασθαι
1237 1155 1307 1198 ubi
1332 1156 1443 1206 duae
1466 1146 1690 1209 sententia

225 1225 451 1280 colligatae
481 1229 593 1274 sunt,
626 1236 708 1266 una
734 1222 994 1280 probabilior
1023 1219 1115 1265 ἀπὸ
1144 1224 1223 1265 τοῦ
1248 1224 1420 1281 θορεῖν,
1450 1222 1589 1278 ahora
1609 1226 1685 1281 j.

222 1292 382 1350 pridem
421 1290 589 1333 deserta
620 1286 713 1332 ἀπὸ
751 1292 831 1333 τοῦ
866 1291 996 1345 θρεῖν
1024 1287 1104 1332 hoc
1131 1294 1196 1331 est
1224 1290 1444 1349 καθορᾳν
1462 1291 1554 1337 sivo
1581 1282 1677 1355 θεὴ

223 1361 318 1418 ρεῖν
345 1364 388 1401 ut
413 1356 465 1400 ab
497 1355 595 1398 aliis
623 1355 784 1399 dicitur.
843 1354 929 1399 Sed
961 1354 1136 1411 gradum
1165 1354 1324 1401 referre
1349 1362 1548 1419 oportet.
1634 1410 1656 1439 i*
1697 1356 1704 1366 ”

1534 1419 1540 1438 i
1559 1417 1594 1437 ’ω’
1609 1421 1666 1439 ηαξ

335 1438 371 1492 §.
395 1437 434 1479 3.
492 1434 622 1492 Epim.
649 1435 785 1478 Cram.
801 1435 831 1478 1.
847 1435 943 1480 275.
972 1434 1026 1479 τὰ
1056 1432 1122 1487 εἷς
1145 1451 1208 1489 χω
1237 1431 1426 1493 λήγοντα
1452 1436 1482 1480 δ
1613 1464 1626 1492 4
1645 1449 1705 1494 «ᾖ»

221 1502 444 1586 βαρύτονά
458 1507 563 1562 τῷα
579 1506 769 1562 καθαρῷ
782 1501 1129 1562 παραληγόμενα
1154 1501 1322 1548 σπάνια
1334 1501 1443 1556 εἶσι,
1464 1482 1567 1551 vd&
1702 1536 1703 1539 =

224 1571 299 1615 καὶ
311 1568 530 1626 μάχομαι·
559 1569 632 1613 καὶ
647 1573 785 1613 ταῦτα
801 1566 892 1614 ὁὲ”
864 1587 964 1626 αχρι
978 1572 1056 1613 τοῦ
1073 1571 1382 1627 παρατατικοῦ
1395 1569 1624 1624 κλίνεται,

225 1639 374 1681 canoni
407 1638 450 1679 in
471 1635 603 1692 Etym.
636 1635 741 1678 Gud.
770 1636 866 1687 382,
896 1637 935 1679 7.
994 1635 1223 1679 Herodiani
1243 1648 1391 1683 nomm
1414 1636 1686 1697 ἵσιιῑιεοῐίρῐιι

223 1711 299 1748 est.
347 1703 435 1746 Nec
461 1709 629 1760 praesto
651 1709 743 1745 sunt
770 1703 993 1758 trisyllaba
1012 1704 1095 1746 nisi
1118 1702 1307 1746 derivata
1334 1699 1463 1759 ἔάχω,
1489 1703 1697 1766 στενάχω,

222 1770 270 1813 In
300 1769 559 1824 Theognosti
597 1776 892 1826 parapegmate
931 1784 970 1826 p.
1006 1769 1098 1811 139.
1138 1770 1310 1826 primum
1337 1767 1476 1819 locun
1514 1769 1684 1816 obtine‘'

221 1835 383 1894 βρέχω,
413 1836 535 1889 ὁὲχω,
566 1833 667 1889 eff),
697 1835 846 1892 τρέχω,
882 1835 1011 1888 λέχω,
1042 1835 1150 1892 quod
1179 1834 1313 1880 fictum
1343 1843 1406 1880 est
1435 1836 1600 1894 propter
1626 1836 1708 1903 λέὲζξ

221 1918 298 1956 χος
327 1899 559 1953 λέξασθαι.
618 1899 855 1944 Secundum
887 1900 1017 1958 νήχω,
1059 1898 1228 1957 σμήχω,
1265 1899 1410 1959 τρήχω
1449 1900 1498 1956 ἐξ
1526 1919 1579 1948 ου
1616 1916 1700 1949 ‘ca-4

223 1966 402 2024 τρήχει
437 1964 475 2010 δ’
510 1964 702 2024 ἀγορή,
741 1965 871 2024 ψήχω
900 1981 938 2023 p.
971 1965 1066 2008 140.
1107 1967 1255 2023 quibus
1287 1968 1494 2013 Arcadius
1526 1984 1564 2027 p.
1599 1971 1694 2014 153

223 2040 263 2077 et
291 2032 470 2090 Epimer.
510 2032 646 2076 Cram.
677 2032 707 2075 I.
736 2033 832 2075 229.
865 2032 914 2074 ΙΙ.
943 2033 1039 2074 325.
1082 2041 1253 2076 assuunt
1291 2032 1408 2091 λήχω
1448 2031 1522 2092 ἀφ’
1556 2053 1610 2081 ου
1642 2036 1708 2086 τὸς

224 2098 378 2153 ἔλαχον
397 2099 505 2153 «(καὶ
534 2097 761 2154 λάξομαι).
818 2097 906 2142 Nec
935 2100 1070 2154 magis
1100 2101 1291 2143 usitatum
1320 2107 1384 2144 est
1408 2099 1557 2159 βρήχω
1587 2095 1699 2147 undo

216 2163 467 2221 Ἔβεβρήχει
509 2162 663 2222 ἐπήχει
690 2165 789 2209 Hes.
828 2167 1089 2222 conjugatum
1121 2162 1485 2224 οοῑίεῐοὲβραχε,
1525 2174 1568 2212 ut
1597 2165 1708 2215 ἕλοιο..

219 2246 296 2284 χον
326 2229 490 2287 εἴληχα.
547 2231 724 2275 Prorsus
750 2234 1004 2288 incomperta
1022 2238 1116 2275 sunt
1136 2229 1402 2290 Ἀποσήχειν
1425 2231 1704 2280 ἃποδιώκειν»

221 2296 319 2340 Hes.
355 2304 394 2339 et
415 2294 684 2351 Ἀπόσεσχεν
716 2299 817 2350 (sic)
849 2297 951 2349 τοὺς
986 2296 1155 2353 ὅρμους
1187 2299 1265 2342 τοῦ
1300 2297 1540 2352 μετάλλου·
1579 2298 1696 2346 ἄπο-

222 2363 347 2414 σέξαι
380 2363 429 2405 τὸ
469 2364 693 2408 διασεῖσαι
730 2364 803 2407 καὶ
840 2367 1014 2421 κινῆσαι
1046 2364 1204 2408 Anecd.
1233 2364 1367 2407 Bekk.
1396 2366 1494 2409 205.
1525 2381 1694 2425 quorum

221 2429 323 2471 illud
353 2442 442 2472 cum
468 2425 718 2481 ἅποσεύειν,
749 2430 920 2473 alterum
940 2444 1030 2474 cum
1056 2428 1285 2474 ἀποσείειν
1314 2431 1574 2488 aliquatenus
1595 2448 1694 2479 con-
1706 2475 1708 2477 .

221 2499 343 2553 gruit.
400 2497 444 2540 In
476 2515 552 2551 ιχω
583 2497 677 2540 EM.
694 2499 790 2550 516,
822 2500 889 2541 12.
918 2513 1039 2542 unum
1069 2506 1267 2543 memorat
1289 2498 1419 2554 γλίχω
1442 2504 1506 2554 ³⁴)
1537 2510 1577 2546 et
1606 2505 1692 2549 alio

218 2565 314 2608 loco
343 2565 439 2615 526,
469 2565 507 2607 7.
543 2561 793 2619 ἇπόστειχε
809 2563 1059 2620 (ἀπόστιχε)
1091 2562 1295 2622 δεύτερος
1320 2562 1528 2623 ἀόριστος
1556 2586 1693 2627 προς-

218 2628 425 2682 τακτικός
454 2630 528 2674 καὶ
558 2627 807 2688 ἀπόφασθε
837 2629 927 2676 ἀπὸ
954 2634 1030 2675 τοῦ
1058 2630 1243 2688 ἐφάμην,
1275 2644 1424 2676 cavere
1449 2634 1612 2679 videtur
1639 2651 1698 2690 ne;

313 2766 372 2809 34)
410 2767 540 2802 Actlva
570 2767 687 2802 forma
714 2767 820 2802 utitur
843 2767 996 2801 Tzetzes
1021 2765 1110 2801 Chil.
1136 2765 1214 2801 vll.
1240 2778 1275 2803 v.
1303 2765 1382 2802 ⁴267.
