1728 3120
248 174 341 220 104
602 143 604 147 ’
693 165 1143 211 DISSERTATIO
1186 167 1254 211 1v.
1447 108 1459 137 Ι

246 283 408 340 quidem
439 295 529 325 cum
551 278 738 338 θράσσω
770 280 971 331 convenit,
1001 279 1077 323 sed
1105 280 1212 324 idem
1243 293 1270 324 a
1294 277 1454 339 θραύω
1482 279 1667 326 derivata?
1690 277 1695 284 '

247 350 341 393 esse
371 355 504 406 potest
534 349 692 390 inserta
710 346 904 402 gutturali
934 353 977 390 ut
997 346 1049 390 ab
1079 344 1174 391 αἶίω
1204 344 1384 403 αὐχμός.
1439 346 1624 392 Koenius
1654 361 1680 392 a

249 415 373 471 Greg.
403 415 500 458 571.
546 414 690 458 eodem
728 415 852 457 traxit
880 412 1066 457 Erotiani
1103 415 1270 458 verbum
1307 411 1525 472 θράσσειν
1560 413 1688 468 μαίνε

245 487 370 532 σθαι,
399 481 603 539 θρίσσειν
633 480 681 524 δὲ
709 479 759 524 τὸ
792 480 903 523 κατὰ
935 479 1077 538 ψυχὴν
1105 480 1377 534 ἐξίστασθαι,
1407 491 1575 538 quorum
1606 482 1688 526 alte

246 563 336 592 rum
365 547 606 606 (θρίσσειν)
641 547 709 590 vel
730 561 756 591 a
779 547 1068 592 Grammaticis
1096 548 1229 592 fictum
1257 547 1325 592 vel
1353 560 1380 591 a
1402 547 1589 592 librariis
1619 562 1692 593 cor

245 623 402 673 ruptum
432 622 595 666 censet;
625 614 723 658 mihi
742 614 821 658 hoc
851 615 946 659 loco
967 615 1134 659 diversa
1159 615 1343 671 eiusdem
1367 615 1486 659 verbi
1508 618 1684 673 scriptur

246 684 422 727 indicari
458 683 620 727 videtur
660 680 878 739 θράσσειν
918 689 957 725 et
993 680 1210 740 θρήσσειν
1245 681 1325 726 hoc
1368 689 1432 726 est
1466 673 1695 741 θροεῖσθιε

246 749 550 807 ταράττεσθαι
578 750 801 807 pertubari,
831 749 1020 806 idemque
1054 763 1149 792 esse
1178 747 1423 807 θρώσσειν,
1447 751 1562 806 cujus
1590 749 1682 794 mod

247 819 398 861 mentio
427 818 515 860 fuit.
572 815 781 861 Μάσσειν
805 818 892 860 sive
920 813 1099 871 μάττειν
1126 823 1313 872 tergere,
1355 815 1568 874 subigere,
1605 817 1683 861 und

246 882 386 939 μάζα,
414 882 626 942 μάγειρος
654 891 694 927 et
721 880 886 939 μαγεύς
912 882 1100 940 pendent,
1129 885 1250 940 quasi
1269 883 1610 941 frequentativum
1632 884 1699 928 dic

246 958 381 1008 potest
417 951 534 995 verbi
564 949 801 1005 μαίεσθαι,
841 949 949 1007 quod
987 963 1070 993 non
1113 950 1245 994 solum
1286 952 1413 995 animi
1449 952 1687 996 intentionei

247 1017 453 1074 significat
482 1018 555 1062 sed
576 1020 699 1061 etiam
729 1030 932 1068 manuum,
964 1031 1042 1061 nec
1061 1017 1182 1062 modo
1210 1018 1424 1062 intendere
1453 1019 1529 1062 sed
1557 1025 1597 1062 et
1616 1031 1716 1062 con.-

248 1086 430 1141 tingere‚
469 1091 702 1128 attrectare.
759 1083 927 1128 Νάσσω
967 1098 993 1127 a
1021 1083 1135 1137 νάω,
1173 1083 1276 1134 νέω,
1311 1081 1426 1142 νήω,
1473 1084 1586 1142 νηέω
1621 1098 1717 1143 pro-

250 1151 411 1196 ductum
440 1166 536 1196 esse
579 1151 754 1195 affirmat
783 1150 924 1195 Schol.
954 1153 1082 1195 Arist.
1111 1149 1244 1194 Nubb.
1275 1151 1399 1195 1205.
1428 1158 1471 1196 et
1497 1152 1718 1210 persuadet

249 1219 336 1262 fere
365 1220 556 1277 parilitas
583 1219 835 1270 verbalium3
875 1232 972 1262 nam
1004 1225 1044 1262 et
1077 1215 1257 1269 Ναστός
1283 1217 1514 1275 Hesychius
1551 1221 1719 1277 exponit

247 1284 408 1340 μεστός
439 1294 478 1331 et
509 1289 656 1344 Νῆτος
685 1284 848 1341 (νητός)
877 1285 1214 1343 σεσωρευμένος,
1242 1287 1418 1343 Νῆττον
1447 1286 1614 1345 πλῆρες
1640 1302 1718 1342 με·

249 1349 363 1396 στάν.
387 1358 449 1406 ⁵⁰)
509 1352 610 1396 Cum
650 1352 797 1396 νάσσω
837 1360 920 1396 tam
962 1360 1074 1396 arcte
1114 1353 1370 1408 conjunctum
1397 1359 1461 1396 est
1495 1351 1646 1398 σάσσω
1675 1360 1719 1398 ut

251 1418 551 1478 Glossographi
591 1419 762 1463 alterum
793 1420 923 1464 altero
955 1420 1160 1477 explicent
1176 1415 1354 1471 ’Ἐναξεν
1384 1417 1536 1472 &bagme
1565 1427 1605 1464 et
1631 1417 1719 1463 Σά-

250 1486 324 1538 ξαι
362 1486 508 1540 νάξαι,
548 1487 623 1530 sed
659 1488 777 1542 origo
820 1488 987 1531 diversa
1026 1501 1053 1530 a
1091 1486 1196 1531 σείω
1237 1499 1472 1544 conquasso
1503 1500 1650 1531 corruo
1678 1500 1718 1530 v.

248 1552 412 1610 Proleg.
442 1569 479 1612 p.
508 1554 576 1597 87.
621 1553 748 1597 Verbi
784 1551 944 1598 πάσσω
976 1554 1126 1598 solutio
1160 1553 1277 1596 nulla
1311 1555 1395 1597 nisi
1434 1567 1556 1611 quam
1583 1553 1719 1610 Hesy-

250 1620 366 1664 chius
403 1628 712 1666 commonstrat:
752 1624 831 1680 Πῇ
861 1620 935 1665 καὶ
963 1623 1054 1680 πῇν
1091 1617 1185 1664 ἀντὶ
1222 1623 1300 1664 τοῦ
1338 1619 1616 1666 καταπάσσει
1644 1620 1720 1665 καὶ

252 1686 575 1741 καταπάσσειν,
618 1689 689 1732 ubi
726 1691 790 1747 πῆ
831 1687 1091 1731 scribendum
1127 1688 1288 1731 videtur
1326 1694 1369 1731 ut
1401 1690 1455 1745 τῆ
1493 1695 1533 1732 et
1570 1688 1718 1732 deinde

253 1752 527 1799 κατάπασσε.
587 1755 626 1798 Α
664 1753 768 1799 πάω
806 1756 932 1810 igitur
966 1757 1138 1812 primum
1174 1756 1378 1813 processit
1415 1752 1598 1808 πάσσω,
1637 1763 1720 1799 tum

254 1818 469 1865 παλάσσω
499 1830 536 1866 et
571 1821 774 1872 παλύνω,
805 1835 974 1878 quorum
1004 1822 1177 1866 alterum
1211 1823 1262 1866 de
1293 1822 1462 1880 liquidis
1491 1822 1575 1866 dici
1599 1822 1718 1874 solet,

255 1887 426 1931 alterum
455 1889 504 1932 de
535 1890 660 1932 siccis
678 1891 744 1942 ⁵¹)
774 1896 814 1932 et
841 1891 1008 1932 nomina
1036 1888 1209 1942 πάσκος
1241 1896 1282 1933 et
1309 1887 1453 1947 πηλός
1479 1889 1523 1933 id
1554 1897 1617 1933 est
1645 1889 1720 1934 ad-

343 2037 403 2082 50)
436 2037 664 2085 Stephanus:
701 2034 821 2077 Νάξος
843 2035 1044 2084 Εὐφορίων
1078 2035 1178 2084 παρὰ
1214 2035 1254 2073 τὸ
1286 2035 1390 2078 νάξαι
1424 2034 1443 2073 ὅ
1477 2046 1571 2084 φασι
1603 2039 1718 2074 θῦσαι

254 2096 363 2139 τινές,
399 2094 458 2130 ubi
488 2095 686 2131 Salmasius
717 2096 825 2138 βῦσαι
849 2093 992 2135 scribit3
1024 2092 1230 2129 Meinekius
1258 2094 1375 2129 Anall.
1401 2106 1434 2141 p.
1460 2092 1536 2129 138.
1565 2105 1641 2130 rem
1665 2094 1718 2130 in·

249 2150 447 2198 judicatam
471 2151 646 2197 relinquit.
694 2150 786 2186 Mihi
818 2161 890 2185 non
924 2149 1097 2185 credibile
1120 2150 1265 2186 videtur
1295 2150 1392 2196 quod
1422 2150 1485 2186 ille
1510 2151 1618 2186 sumit
1642 2152 1720 2187 Ste-

255 2207 410 2254 phanum
435 2208 629 2244 nonnullz's
652 2209 820 2244 tribuisse
852 2206 949 2252 quod
973 2206 1137 2242 omnibus
1167 2212 1376 2243 consuetum
1408 2211 1482 2251 est,
1513 2207 1581 2242 sed
1602 2208 1720 2254 potius

254 2262 358 2304 νάξαι
383 2264 494 2300 fuisse
526 2266 674 2301 verbum
708 2262 911 2299 sacrificale
938 2269 977 2298 ut
1000 2263 1147 2298 latinum
1178 2263 1383 2300 cumulare
1415 2262 1564 2299 altaria
1587 2263 1719 2307 donis,

253 2320 409 2363 honore,
435 2320 559 2366 thure,
589 2328 625 2357 et
652 2321 832 2362 adolere,
858 2320 955 2365 quod
979 2319 1128 2355 verbum
1153 2325 1208 2355 est
1233 2320 1416 2366 proprium
1439 2331 1544 2356 sacra
1566 2321 1719 2357 redden-

254 2378 350 2422 tium,
375 2384 413 2413 ut
425 2378 568 2414 Nonius
588 2378 684 2422 dicit,
710 2388 852 2424 auyere
869 2374 1092 2422 significans3
1115 2376 1242 2421 nisque
1263 2376 1379 2411 simile
1395 2373 1555 2423 αὔξομεν
1571 2378 1720 2426 ἔμπυρα

256 2433 360 2471 Pind.
385 2434 503 2471 Isthm.
523 2434 585 2470 1V.
610 2435 687 2470 108.
716 2438 896 2469 mactare
920 2439 956 2468 et
979 2437 1255 2479 maymentum.

343 2491 404 2536 51)
437 2491 606 2538 Neglexit
643 2491 832 2527 discrimen
867 2490 1084 2536 Apollonius
1118 2488 1180 2524 111.
1208 2487 1306 2524 1:246.
1344 2486 1522 2537 φάρμακα
1555 2486 1720 2536 μυδήνας

254 2545 365 2588 σάκος
386 2546 630 2596 ἀμφεπάλυνε
657 2554 692 2583 et
706 2547 858 2597 Dionys.
883 2559 916 2582 v.
932 2546 1028 2581 1049.
1056 2543 1172 2593 κάρην
1194 2545 1321 2592 ἱδρῶτι.
1343 2548 1512 2582 παλῦναι.
1558 2543 1717 2582 Πασάτω

254 2603 395 2653 ῥανάτω
419 2606 506 2642 Hes.
542 2606 600 2640 Ad
631 2606 782 2640 eandem
808 2603 1030 2639 catachresin
1061 2602 1239 2648 pertinent
1263 2598 1356 2649 αἷμα
1389 2603 1574 2650 ἐπαμῆσαι
1595 2601 1717 2639 Noun.

254 2661 384 2699 XLIV.
400 2662 479 2699 274.
506 2668 542 2697 et
564 2662 781 2698 contrarium
805 2662 945 2709 ῥαίνειν
962 2655 1086 2705 χθόνα
1110 2661 1239 2707 καρπῷ·
1251 2658 1296 2694 11.
1308 2659 1365 2695 65.
1389 2658 1511 2706 φύλλα
1534 2657 1719 2706 ἀφύσσειν

253 2717 431 2753 Homerus
458 2720 647 2766 usurpavit
675 2730 741 2765 pro
764 2719 929 2764 ἒπαμᾷνς
954 2715 1106 2752 Nonnus
1131 2715 1248 2752 XXV.
1274 2716 1351 2752 444.
1382 2714 1513 2765 κρητὴρ
1536 2718 1717 2763 βεβυσμέ-

255 2786 316 2814 νος
342 2778 519 2823 νέκταρος.
