1728 3120
20 0 41 202 1.
243 153 382 198 P.111.
414 153 508 197 C.1.
552 152 624 196 DE
653 150 848 195 NOMlN.
878 149 1044 194 TERT.
1074 149 1233 194 DECL.
1266 150 1322 194 ΙΝ
1350 140 1411 202 0-ςῖ
1472 156 1565 203 301

47 287 60 328 g
89 264 307 321 Quaem,
348 264 558 325 ἅλδήσκω
585 272 663 309 etc.
710 260 894 323 Ἔρεβος
930 271 971 307 et
1000 260 1144 322 ὄρφνη
1179 264 1234 308 ad
1268 265 1387 309 verbi
1424 264 1572 325 ἐρέφω

87 334 400 385 ¹similitudinem
432 333 646 378 inclinant.
694 330 852 388 Ἕρκος
885 338 925 374 et
956 327 1094 388 ἄρκυς
1122 330 1217 374 ΕΜ.
1238 331 1337 375 Sch.
1357 330 1460 390 Opp.
1478 332 1572 377 Hal.

86 401 160 446 111.
185 402 282 445 125.
313 401 366 444 ab
401 399 514 458 ἔργω
545 397 677 457 εἷ’ργω
710 412 835 442 arceo
867 399 1055 442 derivata
1088 412 1184 443 esse
1214 399 1376 443 docent.
1420 396 1574 451 Ἔντος

63 501 65 506 -
90 482 176 528 qua
202 469 275 512 via
304 468 359 511 ad
389 467 606 511 veritatem
635 466 780 509 reduci
808 468 942 523 possit
971 479 1096 523 supra
1126 466 1289 509 ostendi
1308 466 1430 522 'Diss.
1457 466 1506 510 V.
1532 468 1573 510 3.

50 557 61 577 -.-.
88 538 241 593 Κῆτος
266 533 539 578 Buttmannus
575 546 660 576 non
699 533 857 576 dubitat
898 536 997 590 quin
1037 546 1063 576 a
1098 532 1320 576 thematico
1353 533 1446 578 κάω
1484 536 1574 578 sive

49 627 61 642 ι
87 600 184 658 χάω
216 601 405 655 (χάσκω)
435 607 566 644 ortum
598 602 664 651 sit,
701 600 811 656 quod
841 600 1075 644 confirmari
1100 608 1236 658 potest
1265 603 1575 658 comparatione

90 667 272 727 Oppiani
301 666 513 718 δυςάντεα
540 664 746 720 χάσματα
776 665 943 723 λάμνης
982 675 1021 711 et
1051 668 1251 724 Hesychii
1279 666 1475 723 Λάμβαι
1500 666 1578 723 χοὶ-

24 739 35 790 ζ’
91 751 239 790 σματα
270 733 345 778 καὶ
382 731 513 787 ἰχθῦς
554 735 746 776 nimirum
776 732 819 777 οἱ
843 733 1133 792 μεγακήτεες,
1172 735 1349 786 lamiae,
1393 735 1578 792 delphini

24 803 25 806 ’
50 828 51 831 =
92 803 262 860 aliaque
291 803 497 844 immania
526 810 619 844 cete.
678 799 845 851 Ιίύτος,
887 802 997 858 quod
1026 801 1260 858 Hesychius
1289 805 1580 860 interpretatur

91 868 297 927 χιᾶρημα,
337 865 507 923 βάθος,
546 869 786 926 plerumque
817 868 868 911 de
899 869 1022 912 alveo
1058 877 1099 912 et
1139 870 1235 913 alvo
1264 870 1433 922 dicitur,
1468 871 1578 914 unde

29 974 34 989 ς
91 951 176 982 non
205 936 374 980 multum
403 935 607 978 dissident
646 933 834 987 κύσθος,
872 933 1045 986 κύστις,
1076 949 1256 987 cunnus,
1294 949 1402 992 quae
1439 939 1580 980 omnia

92 1003 332 1060 Etymologi
363 1016 454 1046 cum
495 1002 584 1046 κύω
624 1008 881 1045 connectunt.
939 1004 1130 1058 Λαῒφος
1169 1001 1298 1059 παρὰ
1335 1002 1385 1046 τὸ
1426 1004 1580 1054 λῶπος

92 1070 191 1115 ΕΜ.
212 1077 326 1114 recte
353 1083 531 1113 secusne
558 1082 642 1113 non
674 1069 861 1111 dixerim.
916 1069 1095 1119 Λῶπος
1123 1082 1223 1112 vero
1253 1070 1332 1112 etsi
1360 1083 1444 1113 non
1461 1085 1581 1128 pror-

93 1151 168 1182 sus
187 1138 299 1196 idem
327 1135 537 1192 significat
554 1135 663 1192 quod
682 1135 830 1185 λέπος,
861 1131 1004 1185 λοπός
1021 1141 1060 1177 et
1080 1134 1226 1190 λοβός,
1256 1143 1394 1179 tamen
1413 1146 1582 1195 propter

36 1230 37 1234 =
93 1203 339 1262 generalem
371 1202 683 1246 similitudinem
715 1202 769 1244 ad
800 1201 976 1244 eandem
1006 1203 1174 1258 stirpem
1203 1202 1326 1247 λέπω
1346 1213 1579 1249 revocatur.

35 1272 38 1294 ³
58 1286 62 1291 ’
95 1269 260 1322 Mauros
279 1271 368 1326 jam
384 1283 511 1327 supra
524 1269 674 1327 protuli
690 1268 867 1326 probata
885 1268 1258 1313 Grammaticorum
1279 1272 1581 1327 originatione3

94 1352 192 1383 nam
211 1339 292 1382 etsi
319 1335 448 1392 μύειν
468 1350 495 1380 a
515 1336 820 1392 significatione
847 1338 1031 1393 propria,
1063 1349 1173 1393 quae
1205 1339 1248 1380 in
1270 1341 1582 1395 compressione

95 1405 304 1450 labiorum
331 1405 576 1460 nariumque
604 1405 743 1461 posita
768 1411 844 1455 est,
872 1417 1083 1461 nunquam
1107 1404 1288 1456 recedit,
1318 1412 1457 1450 tamen
1485 1407 1583 1452 hinc

28 1476 39 1513 .’
96 1473 288 1517 derivata
315 1471 369 1515 ad
399 1471 645 1526 indignandi
681 1478 723 1514 et
751 1471 976 1515 aversandi
1007 1470 1198 1514 affectum
1237 1473 1444 1517 translata
1477 1482 1582 1527 sunt,

96 1541 271 1598 primum
302 1538 510 1594 adJectiva
528 1551 636 1595 quae
666 1537 901 1594 Hesychius
930 1540 1048 1582 varie
1068 1538 1214 1582 scribit
1244 1540 1320 1583 sed
1347 1554 1428 1584 uno
1458 1542 1583 1585 modo

96 1609 389 1663 interpretatur
415 1607 560 1658 μοῖος,
590 1607 764 1657 σμοῖος,
797 1603 936 1659 σμυός
958 1605 1039 1649 hoc
1066 1612 1129 1648 est
1155 1603 1346 1661 στυγνός,
1377 1612 1586 1665 σκυθρω-

98 1671 212 1726 πός,
249 1671 494 1716 tumverba
521 1673 659 1729 μυᾷν,
698 1671 950 1726 μυχθίζειν,
991 1670 1225 1726 ἐπιμύξαι,
1258 1671 1587 1719 Μυσάττεσθαι

98 1739 151 1784 τὸ
181 1741 244 1798 τῷ
269 1740 462 1796 μυκτῆρι
489 1736 797 1781 ἐνδείκνυσθαι
831 1737 881 1781 τὸ
903 1738 1196 1795 δυςχεραίνειν
1216 1738 1323 1783 Poll.
1342 1739 1392 1783 Π.
1412 1741 1481 1784 78.
1537 1741 1589 1785 Et

24 1827 27 1830 ⁴
101 1807 156 1851 ab
185 1806 331 1850 horum
358 1806 560 1849 societate
589 1818 672 1848 non
701 1804 828 1848 facile
860 1805 1004 1849 divelli
1029 1813 1203 1863 possunt
1222 1804 1382 1856 Μυκός
1409 1806 1588 1865 μιαρός,

99 1871 293 1924 Μύσκος
320 1871 508 1926 μίασμα,
537 1870 680 1915 ,Μυσά
705 1869 862 1928 μιαρά,
890 1871 1009 1926 μύξα
1038 1887 1194 1924 mucus,
1224 1873 1373 1930 quibus
1398 1874 1587 1918 omnibus

100 1941 250 1984 humor
277 1938 459 1983 foetidus
492 1946 676 1995 teterque
705 1939 954 1982 declaratur.
972 1942 1040 1995 ²²)
1071 1937 1208 1993 Ὄξος
1237 1947 1398 1984 acetum
1415 1947 1455 1984 et
1484 1938 1590 1993 ὀξύς

59 2044 68 2049 „
103 2021 206 2052 acer
243 2006 362 2050 nulla
400 2006 554 2062 religio
595 2012 659 2049 est
697 2007 795 2063 quin
833 2019 926 2049 cum
962 2003 1047 2064 ἇκή
1089 2020 1191 2050 acus
1224 2021 1519 2064 componamus
1550 2015 1593 2051 et

103 2087 196 2119 cum
222 2073 353 2118 verbo
383 2069 635 2127 ἀναχμένος.
682 2068 823 2130 ’Όρος
851 2086 1006 2128 genere
1032 2080 1071 2117 et
1101 2075 1247 2131 spiritu
1273 2074 1498 2118 discretum
1528 2082 1592 2119 est

197 2234 260 2279 22)
287 2233 407 2270 Muffa
424 2233 523 2279 apud
541 2233 741 2278 scriptores
755 2233 885 2268 aetatis
906 2234 1048 2268 mediae
1062 2239 1098 2268 et
1116 2235 1261 2281 μοῦχλα
1278 2233 1389 2269 hodie
1407 2246 1591 2271 mucorem

106 2289 308 2338 significan
334 2289 414 2325 ltali
438 2288 612 2323 mucidum
638 2289 807 2334 muffato
831 2289 973 2332 dicunt,
1000 2289 1228 2335 Francogalli
1253 2293 1386 2332 moisi,
1410 2297 1593 2327 nostrates

105 2346 259 2394 muffiy.
307 2345 374 2381 His
408 2344 525 2380 simile
550 2355 682 2379 nomen
708 2344 906 2392 Mephitis
930 2345 1111 2380 exhalatio
1137 2347 1258 2392 gravis
1283 2352 1320 2382 et
1353 2347 1393 2382 la
1416 2347 1594 2393 mosette.

106 2405 166 2440 Ab
191 2403 322 2439 eodem
356 2402 421 2437 illo
452 2398 536 2449 μύω
568 2401 766 2437 traductum
797 2413 880 2436 esse
911 2413 1042 2436 nomen
1065 2400 1184 2448 μὺδος
1212 2403 1399 2438 humorem
1435 2405 1595 2450 putidum

109 2457 317 2508 significans
337 2458 536 2504 colligimus
562 2469 607 2492 ex
632 2457 828 2494 derivatis:
856 2456 1062 2503 ἐμυδιὲξαιο
1081 2457 1164 2494 ἀντὶ
1186 2462 1249 2495 τοῦ
1270 2458 1477 2508 ἓμυσάξαιο
1502 2460 1596 2497 ἀπε-

108 2514 309 2566 μυκῐήρισε
334 2514 420 2551 Sch.
448 2514 530 2551 Nic.
555 2514 612 2549 ΑΙ.
638 2514 716 2550 481.
748 2513 843 2562 ὀδμὴ
866 2516 1033 2562 μυδαλέη
1063 2514 1084 2559 ὴ
1115 2514 1264 2565 μυσαρά
1294 2516 1378 2552 sch.
1403 2518 1528 2564 Apoll.
1550 2517 1594 2553 ll.

113 2573 190 2610 191.
217 2583 423 2619 quanquam
448 2571 519 2606 hoc
545 2571 764 2617 adjectivum
789 2572 975 2619 μυδαλέος
1000 2577 1036 2606 et
1060 2573 1212 2607 verbum
1237 2574 1437 2619 μυδαίνειν
1461 2574 1597 2609 omissa

110 2630 253 2677 putoris
280 2628 429 2664 notione
454 2629 664 2675 plerumque
689 2628 775 2663 nihil
801 2629 898 2663 aliud
924 2640 1029 2674 quam
1053 2629 1240 2665 madorem
1267 2627 1458 2676 significet.
1505 2634 1597 2665 Μυ-

112 2687 186 2732 δᾷν
208 2691 247 2723 et
268 2686 398 2733 μαδᾷν
422 2697 445 2720 a
471 2685 626 2722 librariis
653 2697 769 2732 saepe
795 2685 957 2730 confusa,
982 2686 1202 2723 Ruhnkenio
1226 2687 1273 2723 ad
1297 2686 1387 2723 Tim.
1416 2686 1491 2725 184.
1514 2699 1596 2734 cog-

110 2747 199 2780 nata
226 2743 404 2780 videntur.
