1708 3126
221 217 287 263 74
669 204 1134 251 DISSERTATIO
1178 205 1246 249 lv.
1326 238 1332 245 .

221 321 359 374 ἷὶλσος
387 327 427 364 et
450 315 608 370 ’·Ἀλιις
637 331 664 361 a
691 318 896 374 primitivo
937 313 1004 361 ἔω
1033 318 1227 376 profecta
1261 309 1431 378 *suls

218 392 315 434 ficat
342 386 486 444 procul
506 385 630 428 dubio
657 384 762 427 illud
790 383 898 426 unde
929 377 1036 428 ἆσαι
1065 387 1223 429 satiare
1241 383 1288 428 1122
1306 376 1467 428 Μ’-ζ

219 455 434 511 adJectivis
465 447 604 502 ἆάτος
632 451 675 493 id
707 457 771 493 est
797 449 1051 493 insatiabilis
1082 457 1122 494 et
1151 447 1356 502 άναλτος,
1393 451 1504 508 quod
1528 458 1665 496 vetere

217 523 335 567 varie
382 522 700 575 interpretantur
736 516 812 559 sed
859 517 1192 560 commodissime
1233 519 1264 560 ii
1306 518 1377 574 qui
1414 511 1691 576 ἀκλήρωτον

219 586 482 646 ἀκόρεστον,
527 580 769 639 ἆναύξητον
806 583 982 626 reddunt
1017 582 1144 639 παρὰ
1181 582 1231 627 τὸ
1268 579 1392 626 α’λδω
1431 581 1483 627 τὸ
1519 578 1668 635 αῧξάνι

218 654 314 697 ΕΜ.
345 654 412 696 cui
433 657 578 695 contra
604 651 782 707 positum
801 656 865 692 est
890 646 1024 693 ἆλτόν
1051 648 1101 692 τὸ
1122 646 1239 694 πολύ
1258 648 1358 693 Hesi.
1387 649 1494 693 sicut
1514 661 1542 692 a
1566 648 1667 693 verb

219 731 448 776 synonymo
486 714 623 774 τρόφι
660 718 777 769 κῦμα
811 725 852 759 et
890 712 1139 774 τροφόεντα
1167 713 1340 768 κύματα
1375 715 1514 760 idest
1540 715 1697 759 adulta.

208 783 451 829 ’Έλόεσθαι
490 782 565 826 alii
591 795 681 825 cum
712 781 886 827 ἐθέλειν
914 788 1160 839 componunt
1186 780 1284 824 EM.
1321 782 1389 825 cui
1418 781 1595 826 similem
1623 795 1674 839 po

217 859 407 897 testatem
435 849 561 893 habet
599 847 838 905 ὀήλεσθαι,
879 849 953 892 alii
983 862 1076 891 cum
1113 845 1228 892 ἑλεῖν
1256 847 1354 892 Sch.
1385 846 1464 892 od.
1495 847 1566 891 Ill.
1599 847 1699 892 418.

219 919 389 963 Μέλὸω
410 917 590 960 fortasse
612 916 903 970 cognationem
921 914 1048 958 habet
1071 928 1162 957 cum
1179 911 1411 969 μαλάσσω,
1441 915 1552 972 quod
1566 917 1659 972 ipsu

220 984 426 1028 dentalem
445 983 592 1038 recipit
621 982 695 1023 sed
725 983 951 1038 aspiratam
976 978 1243 1035 μαλθάσσω,
1273 979 1443 1038 μάλθη,
1475 983 1582 1026 sicut
1595 981 1708 1034 Pro-³

220 1052 339 1095 culus
370 1051 423 1093 ad
452 1049 550 1091 Hes.
581 1047 684 1104 Opp.
712 1047 810 1089 522.
851 1055 891 1091 et
919 1046 1155 1102 Hesychius
1189 1046 1351 1104 τένθης
1390 1059 1419 1090 a
1453 1046 1589 1092 τένδω
1631 1060 1702 1092 ar-

221 1124 410 1167 cessunt,
453 1116 533 1158 hoc
572 1121 707 1157 autem
747 1113 987 1158 Eustathius
1025 1127 1077 1157 ex
1117 1111 1203 1157 ἔδω
1242 1113 1396 1156 factum
1432 1115 1623 1171 opinatur
1658 1110 1708 1171 ps.

220 1185 316 1234 773,
345 1183 413 1226 38.
450 1196 489 1239 p.
520 1180 651 1232 1837,
677 1180 746 1222 42.
768 1183 808 1235 ⁵)
867 1180 955 1224 Sed
993 1179 1092 1223 Sch.
1122 1179 1252 1222 Arist.
1280 1178 1380 1222 Pac.
1419 1180 1543 1223 1009.
1581 1178 1695 1238 παρ’

213 1249 411 1309 (Ησιόδῳ
439 1251 552 1301 τινές
582 1250 787 1293 δοκοῦσιν
817 1246 972 1305 ὀρθῶς
997 1246 1187 1308 γράφειν
1210 1246 1360 1292 τένθει
1389 1247 1466 1292 διὰ
1490 1251 1573 1293 τοῦ
1598 1240 1643 1292 θ’
1661 1256 1703 1293 et

220 1321 283 1361 sic
311 1318 422 1360 idem
452 1316 506 1358 ad
534 1315 666 1358 Nubh.
700 1316 821 1358 1201.
855 1315 1028 1360 τένθειν
1065 1313 1114 1357 τὸ
1147 1312 1331 1358 ἐσθίειν.
1387 1313 1608 1359 Diversum
1636 1315 1701 1359 illi

219 1383 418 1428 Μέλὸειν
448 1382 687 1436 ἐπιθυμεῖν
711 1381 808 1424 Hes.
838 1395 922 1425 non
963 1380 1104 1424 dubito
1136 1381 1233 1437 quin
1270 1393 1345 1437 pro
1373 1380 1524 1436 μέλειν
1551 1395 1701 1425 curare

218 1450 372 1500 valeat,
402 1449 511 1491 unde
532 1446 734 1503 μεληδών
753 1455 793 1491 et
818 1446 1062 1502 μελεδαίνω
1083 1453 1314 1490 manarunt.
1371 1445 1555 1492 Σπὲνδω
1573 1447 1705 1504 παρὰ

221 1515 271 1559 τὸ
305 1514 448 1560 σπείω
476 1513 573 1555 ΕΜ.
613 1513 722 1569 quod
758 1514 866 1557 idem
898 1526 925 1557 a
960 1512 1052 1557 πίω
1092 1520 1281 1570 repetere
1319 1514 1482 1558 videtur
1507 1515 1708 1558 Σπεῖσαι

220 1581 346 1639 παρὰ
382 1582 431 1623 τὸ
468 1583 600 1624 πῖσαι
630 1579 837 1632 ποτίσαι,
881 1579 957 1621 sed
989 1579 1040 1623 de
1074 1586 1219 1622 neutro
1246 1579 1490 1636 persuadet3
1528 1578 1703 1625 σπείδω

222 1648 392 1690 dialecti
421 1645 660 1689 Siciliensis
690 1648 899 1703 proprium
926 1646 1058 1688 fuisse
1089 1645 1240 1689 dicitur
1266 1645 1444 1704 indeque
1475 1652 1607 1690 ortum
1636 1645 1702 1689 su-

219 1722 354 1758 turum
400 1710 585 1756 σπείσω.
642 1712 804 1770 Πέρδω
845 1727 936 1756 cum
974 1712 1106 1756 latino
1136 1713 1289 1770 pedere
1318 1720 1359 1756 et
1394 1725 1552 1769 graeco
1579 1713 1703 1767 βδεῖν

220 1780 384 1838 βὸόλος
414 1782 602 1837 (paedor,
631 1781 783 1835 foetor)
823 1795 915 1825 eam
945 1782 1252 1825 similitudinem
1285 1781 1412 1826 habet
1437 1772 1702 1838 ut—Jinser-

222 1857 304 1892 tum
326 1848 528 1892 videatur.
586 1846 766 1890 Verbum
796 1844 974 1904 ἆμέρόω
1004 1849 1190 1905 plerique
1212 1850 1472 1893 consentiunt
1489 1849 1701 1906 propriam

221 1915 376 1958 habere
416 1913 762 1968 significationem
795 1914 985 1970 privandi
1025 1921 1064 1958 et
1098 1914 1194 1958 hinc
1227 1914 1473 1959 translatum
1511 1927 1608 1958 esse
1648 1914 1703 1957 ad

220 1982 493 2037 privationem
522 1979 642 2022 lucis.
701 1978 902 2035 Equidem
929 1994 1082 2038 sequor
1097 1980 1415 2038 Moschopulum
1431 1980 1583 2025 Sched.
1602 1979 1698 2023 145.

224 2045 462 2103 ζαμερδνή·
494 2043 519 2103 ἦ
548 2048 626 2103 τῆς
647 2042 846 2103 Ἀθηνᾶς
872 2042 1011 2098 ἀσπίς
1039 2043 1067 2104 ἢ
1097 2042 1208 2102 ἄγαν
1235 2045 1496 2101 λάμπουσα·
1523 2046 1706 2103 μέρδειν

220 2113 304 2170 γὰρ
337 2111 462 2170 παρὰ
491 2114 702 2167 ποιηταῖς
729 2112 780 2155 τὸ
811 2112 1080 2170 μαρμαίρειν
1111 2119 1152 2156 et
1181 2111 1326 2156 Schol.
1344 2111 1441 2156 Eur.
1459 2111 1561 2156 Hec.
1578 2111 1699 2156 1004.

220 2179 369 2237 μέρὸω
410 2178 459 2220 τὸ
492 2178 617 2235 παρὰ
647 2180 743 2229 τοῖς
773 2181 939 2230 κοινοῖς
965 2178 1207 2236 μαρμαίρει)
1243 2177 1320 2222 καὶ
1346 2176 1459 2233 μετὰ
1494 2181 1575 2222 τοῦ
1605 2188 1708 2222 crte-²

222 2250 403 2305 ρητικοῦ
435 2238 479 2290 ἶ
500 2244 694 2304 ἀμέρὸω,
725 2248 806 2289 nisi
838 2248 946 2303 quod
975 2247 1055 2291 hoc
1078 2247 1203 2304 alpha
1230 2261 1314 2291 non
1333 2247 1581 2304 privativum
1606 2259 1703 2299 esse

221 2321 316 2371 puto
356 2314 431 2356 sed
470 2312 785 2370 pleonasticum.
848 2310 1081 2370 Ἀμέρὸειν
1118 2315 1244 2369 igitur
1284 2315 1450 2371 proprie
1495 2311 1705 2368 significat

223 2377 405 2435 fulgere,
448 2387 488 2422 et
532 2381 630 2436 quia
668 2381 863 2434 splendor
902 2382 1136 2435 quicunque
1177 2387 1237 2423 est
1274 2393 1370 2423 acer
1406 2381 1551 2424 adurit
1582 2391 1703 2433 saepe

223 2449 363 2490 oculos
388 2445 511 2489 Lucr.
541 2445 607 2488 IV.
638 2447 677 2489 3.
707 2448 920 2502 aciemque
959 2447 1246 2505 praestringit,
1285 2445 1382 2489 hinc
1417 2447 1542 2489 etiam
1570 2444 1699 2488 hebe-

314 2567 351 2611 5)
377 2568 457 2603 Hoc
479 2569 561 2603 loco
587 2579 667 2603 cum
691 2570 821 2614 τένθης
844 2567 863 2604 ὀ
887 2571 1011 2614 λίχνος
1032 2567 1095 2603 καὶ
1118 2567 1229 2611 πένθη
1253 2565 1274 2611 ἡ
1296 2569 1438 2613 λιχνεία
1461 2566 1643 2601 connectit
1663 2572 1700 2600 et

225 2625 295 2658 alia
322 2625 563 2670 parasitorum
590 2625 756 2660 convicia
780 2631 815 2660 et
840 2622 1023 2671 θυράπαξ,
1050 2623 1147 2668 quod
1174 2623 1298 2658 nescio
1323 2635 1370 2658 an
1393 2619 1591 2672 θυράσπαξ
1613 2622 1699 2657 scri-

225 2681 380 2715 bendum
404 2682 449 2716 sit
474 2680 544 2716 hoc
571 2686 627 2716 est
649 2678 689 2721 ὃς
712 2678 833 2716 ἄλλων
859 2678 975 2729 θύρας
997 2676 1212 2724 ἀσπάζεται,
1243 2680 1323 2715 sive
1346 2686 1386 2715 ut
1407 2679 1589 2715 Homerus
1614 2677 1700 2713 dicit

224 2737 359 2772 δαιτῶν
382 2735 643 2785 ἆπολυμανιὴρ
674 2733 714 2777 ὃς
737 2739 890 2785 πολλῇσι
917 2737 1043 2785 φλιῇσι
1066 2733 1253 2783 παραστὰς
1283 2738 1456 2783 θλίψεται
1480 2731 1605 2781 ὤμους
1627 2732 1700 2771 od.

224 2791 337 2826 XVII.
366 2791 443 2827 221.
