1728 3120
366 171 470 214 Gar.
499 169 546 212 V.
609 168 678 212 DF.
715 167 914 213 VERBIS
947 168 1202 222 LlQUlDlS.
1432 174 1522 219 131

44 290 51 298 ·
127 285 211 328 'us
241 285 382 328 statuit
411 291 452 327 et
482 282 774 335 Buttmannus‚
811 283 887 327 sed
914 283 1106 326 diversas
1136 289 1307 339 uterque
1337 283 1430 327 vias
1462 285 1526 327 in-

144 351 200 403 :·i
238 363 335 395 nam
374 349 448 395 ille
488 350 542 397 ad
570 349 618 393 ll.
647 348 855 394 xx11.3.
886 350 936 394 τὸ
968 347 1123 402 κλίνω,
1160 350 1314 406 inquit,
1360 348 1526 406 γίνεται

113 419 226 464 τοῦ
245 418 378 463 κλείω
397 425 521 476 atque
542 419 684 463 omnia
701 417 797 463 hinc
819 418 1010 462 derivata
1025 417 1134 476 apud
1149 415 1373 461 Homerum
1393 419 1526 474 signi-

124 498 267 530 onem
303 485 655 530 circumcludendi
684 484 841 528 habere
874 485 1086 529 contendit
1120 483 1378 538 firmissime3
1421 485 1528 530 alter

106 551 243 600 Lexil.
273 551 304 597 1.
333 551 401 597 74.
438 565 485 596 se
515 566 598 597 non
630 553 820 597 dubitare
852 554 909 596 ait
945 553 1044 609 quin
1072 565 1163 596 cum
1197 551 1335 606 λιάζω
1365 566 1525 609 cogna-

130 621 227 672 sit,
266 620 378 678 quod
419 633 548 678 supra
583 633 674 663 cum
716 622 839 663 limus
878 627 918 663 et
948 621 1140 674 obliquus
1177 622 1523 677 comparavimus.

94 707 98 710 “
129 689 160 731 i
185 685 301 732 πίνω
320 689 491 745 stirpem
509 700 652 745 puram
673 688 893 732 ostendunt
922 684 1266 730 inclinamenta²
1247 685 1391 742 ε’πιον,
1420 688 1526 734 πίο-

123 785 136 806 ,
181 751 344 806 πιστός
389 753 613 812 potabilis,
653 768 888 812 quanquam
928 754 1009 797 hoc
1048 751 1290 797 Meinekius
1324 755 1367 798 in
1406 754 1522 800 Com

97 843 126 859 2·
156 819 373 864 21.T.1V
389 821 560 865 380111
590 824 870 880 suspicionem
899 828 1035 871 vocat,
1064 821 1320 877 latinumque
1350 825 1526 867 vinibua

84 900 194 934 sono
218 887 401 932 effuticio
429 888 631 932 infantum
661 892 734 944 qui
765 890 902 932 cibum
925 895 964 931 et
987 890 1201 942 potionem
1225 889 1328 931 buas
1352 897 1390 933 et
1415 903 1525 945 pap—

97 991 101 995 .
139 963 293 1000 vocant
319 954 426 999 Non.
449 959 514 1007 ³⁴)
554 962 596 998 ut
634 968 789 1012 graece
818 955 1017 998 lallantes
1056 957 1187 1012 βρῦν,
1229 954 1408 1012 denique
1447 958 1525 1000 im-

99 1037 159 1068 re
179 1030 221 1067 et
249 1022 442 1077 ἐμπῖσαι
466 1023 576 1066 idem
606 1030 769 1067 sonant.
830 1020 948 1066 Ζίνω
971 1035 997 1064 a
1027 1021 1220 1072 themate,
1252 1023 1319 1065 cui
1347 1023 1525 1068 futurum

58 1090 180 1137 έῧσω
215 1089 574 1134 accommodatum
611 1097 696 1141 est,
735 1089 966 1146 profectum
1006 1102 1104 1131 esse
1136 1096 1308 1146 apparet
1343 1103 1394 1133 ex
1424 1105 1525 1135 con-

19 926 76 980 Ι

20 998 62 1038 Ι

20 1066 62 1123 lif.

20 1131 61 1176 Ι
70 1160 256 1204 eribus
277 1158 461 1214 ζέννυμι,
495 1159 660 1214 ζίννυμι
690 1165 731 1201 et
765 1153 1042 1211 ἆποζίννυμι.
1095 1157 1158 1202 De
1188 1158 1330 1202 verbis
1361 1161 1404 1203 in
1437 1178 1525 1206 υνω

20 1213 64 1297 :A
100 1229 340 1272 universum
357 1226 470 1271 valet
499 1227 610 1284 quod
626 1224 869 1268 Eustathius
901 1225 1002 1268 dicit
1026 1240 1063 1284 p.
1080 1226 1178 1277 621
1197 1226 1266 1270 48.
1298 1225 1348 1270 τὸ
1381 1224 1523 1272 ἰθύνω

19 1335 59 1374 1Ιέ

20 1413 35 1443 ν

20 1473 69 1538 Ι

19 390 99 502 ἐ

19 517 105 834 ἓ

43 465 49 485 t

42 531 50 551 1

39 599 62 633 Ι·

39 665 74 687 ι

37 716 88 820 ἶ

54 1307 57 1326 ³
98 1295 187 1338 τοῦ
217 1290 337 1338 tadeo
365 1292 532 1350 γινεται
562 1290 623 1345 ὥς
653 1291 743 1336 δύω
770 1290 896 1341 dano,
924 1290 1015 1346 χύω
1041 1292 1169 1348 χύνω,
1200 1291 1328 1337 πλύω
1359 1293 1524 1346 πλύνω,

31 1383 46 1410 2
70 1374 202 1405 ιιι-11111
229 1362 405 1419 primum
444 1374 537 1405 cum
573 1361 865 1404 terminatione
909 1366 1039 1403 mutat
1077 1361 1352 1413 intellectum,
1388 1365 1523 1414 tertio,

34 1424 74 1462 ’ἐ
84 1431 132 1473 sa
155 1425 249 1484 χύω
283 1441 370 1472 11011
399 1429 625 1487 reperitur,
668 1426 860 1470 substitui
893 1434 1030 1484 potest
1064 1425 1164 1484 φύω
1201 1426 1326 1485 φύνω
1358 1429 1412 1472 ab
1444 1432 1525 1474 Ar-

94 1498 155 1541 ·“0
182 1496 438 1554 appositum,
477 1495 587 1542 unde
616 1492 799 1552 ἐμφὺνω
829 1494 1014 1538 Aretaeo
1051 1494 1284 1543 familiare
1327 1497 1395 1539 vel
1425 1496 1525 1540 θύω

83 1561 178 1614 ’ω,
215 1561 305 1616 ξύω
347 1562 484 1615 ξύνω,
519 1562 605 1606 nisi
637 1559 860 1616 Odysseae
898 1563 1103 1618 interpres
1135 1561 1246 1604 binis
1286 1562 1414 1615 locis,
1455 1564 1526 1606 ubi

21 1659 47 1669 =·
40 1627 331 1683 οξύνουσιν
360 1635 401 1672 et
429 1625 651 1681 ἀποξῦναι
679 1641 755 1684 per
783 1628 1042 1685 περιξέουσι
1072 1634 1112 1671 et
1145 1624 1426 1674 ἆπολεπίσαι
1455 1644 1528 1674 ex-

30 1716 49 1732 ··
80 1699 182 1749 'cat,
214 1695 364 1747 aliam,
394 1703 438 1739 ut
461 1695 736 1739 Buttmannus
766 1695 1015 1751 suspicatur,
1045 1696 1291 1752 scripturam
1327 1705 1526 1752 sequutus

30 1760 413 1816 ῐᾶποξύουσιν,
443 1759 595 1815 αποξι
596 1778 674 1807 σαι
704 1761 756 1806 cf.
787 1759 971 1805 Nitzsch
1005 1762 1058 1805 ad
1088 1760 1162 1804 lx
1184 1763 1280 1806 326.
1314 1762 1526 1810 Wernick.

71 1826 609 1887 Tryph.516.11215u0
651 1842 743 1872 cum
786 1828 916 1871 latino
957 1828 1054 1886 pluo
1100 1837 1141 1872 et
1180 1837 1395 1888 utrumque
1434 1847 1527 1878 cum

24 1898 157 1944 -”’λέω
178 1899 243 1942 sic
259 1904 304 1941 ut
326 1897 574 1954 germanica
593 1898 862 1939 schwemmen
882 1903 921 1939 et
941 1898 1204 1940 schwimmen
1233 1900 1527 1954 cognationem

128 2016 131 2018 ,
176 1984 181 1991 ·
227 1964 310 2009 hoc
337 1963 508 2008 facilius
539 1963 860 2021 persuadebitur
895 1965 932 2005 si
963 1965 1336 2021 computaverimus
1367 1967 1528 2012 eluacri

33 2032 206 2081 humina
225 2030 394 2084 πύελος
422 2037 463 2075 et
493 2029 702 2083 πτύελος,
741 2044 914 2088 quorum
946 2031 1043 2075 huic
1074 2038 1146 2075 tau
1185 2031 1423 2086 affluxisse,
1463 2036 1527 2079 illi

32 2098 207 2157 lambda
243 2097 470 2143 defluxisse
475 2106 738 2165 —putaturv
742 2098 939 2142 ..Parall
970 2112 1008 2156 p.
1036 2099 1075 2142 9.
1136 2098 1286 2144 Sermo
1327 2100 1527 2147 barbarie

33 2175 251 2228 corruptus
280 2169 445 2214 literam
482 2187 506 2212 ν
544 2167 687 2212 verbis
718 2168 915 2212 infercire
947 2175 1076 2218 amat,
1116 2167 1260 2213 κλάνω
1297 2184 1372 2228 pro
1405 2170 1526 2216 κλάω

31 2257 37 2273 ¹-
61 2261 64 2267 ·
106 2233 451 2295 Καταρῤάσσειν
481 2231 843 2279 κατακλάνεσθαι
872 2234 970 2279 Hes.
1007 2236 1118 2292 quod
1148 2243 1303 2280 temere
1337 2245 1527 2290 mutatur,

24 2303 147 2350 ”’ἐνω
181 2301 406 2356 (ἑπιδένω,
436 2299 659 2355 ὑποόένω)
689 2309 731 2345 et
749 2302 882 2347 δέννω
911 2316 987 2360 pro
1009 2302 1095 2347 δέω
1124 2303 1225 2360 ligo,
1256 2301 1408 2362 τριόνω
1438 2309 1528 2350 sive

32 2367 235 2429 ερώννω,
269 2366 472 2429 στρώνω.
501 2365 651 2424 χώνω,
680 2366 846 2420 imino,
878 2370 1079 2427 φθέρνω,
1109 2368 1264 2430 φύρνω
1296 2386 1336 2415 v.
1368 2372 1529 2417 Coraes

35 2437 174 2484 Atact.
202 2435 233 2480 1.
263 2436 333 2481 45.

27 2527 31 2535 ¹
151 2507 188 2563 §.
219 2505 260 2550 4.
318 2505 527 2550 Arcadius
557 2519 595 2564 p.
627 2506 721 2549 162.
757 2504 811 2549 τὰ
843 2503 908 2559 εἷς
938 2497 1033 2565 α-ρ-(Ῑ)
1063 2510 1368 2566 περισπᾶται·
1399 2525 1532 2566 σεση-

27 2571 227 2636 Ιριεςίωται
246 2572 298 2618 τὸ
317 2568 415 2632 δι’ρω
445 2573 495 2619 τὸ
517 2570 698 2631 ἇρμόζω
720 2570 749 2630 ἢ
768 2571 818 2617 τὸ
841 2571 1068 2630 λαμβάνει).
1130 2573 1282 2618 Verum
1301 2574 1381 2620 hoc
1411 2575 1534 2620 intel-

37 2739 58 2778 .'
129 2723 191 2767 34)
226 2727 350 2762 Πῖσαν
383 2724 503 2772 φασὶν
537 2717 632 2760 εἶναι
666 2719 823 2771 κρήνην,
856 2718 902 2767 ἣν
937 2725 1006 2760 νῦν
1035 2726 1229 2760 καλεῖσθαι
1262 2728 1386 2762 Βῖσαν
1410 2726 1532 2762 Strab.

31 2778 140 2820 vm.
169 2779 247 2818 357.

1193 2839 1251 2880 9*
