<?xml version="1.0" encoding="UTF-8"?>
<!DOCTYPE html PUBLIC "-//W3C//DTD XHTML 1.0 Transitional//EN"
    "http://www.w3.org/TR/xhtml1/DTD/xhtml1-transitional.dtd">
<html xmlns="http://www.w3.org/1999/xhtml" xml:lang="en" lang="en">
 <head>
  <title>
</title>
<meta http-equiv="Content-Type" content="text/html;charset=utf-8" />
  <meta name='ocr-system' content='tesseract 3.04.00' />
  <meta name='ocr-capabilities' content='ocr_page ocr_carea ocr_par ocr_line ocrx_word'/>
</head>
<body>
  <div class='ocr_page' id='page_1' title='image "./rhematikonsiveve00lobeuoft_0248.png"; bbox 0 0 1728 3120; ppageno 0'>
   <div class='ocr_carea' id='block_1_1' title="bbox 223 209 1266 264">
    <p class='ocr_par' dir='ltr' id='par_1_1' title="bbox 223 209 1266 264">
     <span class='ocr_line' id='line_1_1' title="bbox 223 209 1266 264; baseline -0.01 0"><span class='ocrx_word' id='word_1_1' title='bbox 223 216 324 264; x_wconf 86' lang='lat'><strong>230</strong></span> <span class='ocrx_word' id='word_1_2' title='bbox 640 209 1109 255; x_wconf 86' lang='lat' dir='ltr'><strong>DISSERTATIO</strong></span> <span class='ocrx_word' id='word_1_3' title='bbox 1152 209 1266 255; x_wconf 83' lang='lat' dir='ltr'><strong>XIII.</strong></span> 
     </span>
    </p>
   </div>
   <div class='ocr_carea' id='block_1_2' title="bbox 226 321 1705 2530">
    <p class='ocr_par' dir='ltr' id='par_1_2' title="bbox 226 321 1705 2380">
     <span class='ocr_line' id='line_1_2' title="bbox 226 321 1687 383; baseline -0.001 -13"><span class='ocrx_word' id='word_1_4' title='bbox 226 324 429 382; x_wconf 80' lang='grc' dir='ltr'><strong><em>τριάζειν,</em></strong></span> <span class='ocrx_word' id='word_1_5' title='bbox 460 323 568 380; x_wconf 88' lang='lat' dir='ltr'><strong>quod</strong></span> <span class='ocrx_word' id='word_1_6' title='bbox 588 336 721 380; x_wconf 86' lang='lat' dir='ltr'><strong>genus</strong></span> <span class='ocrx_word' id='word_1_7' title='bbox 751 324 955 369; x_wconf 89' lang='lat' dir='ltr'><strong>edisserui</strong></span> <span class='ocrx_word' id='word_1_8' title='bbox 982 326 1024 368; x_wconf 91' lang='lat' dir='ltr'><strong>in</strong></span> <span class='ocrx_word' id='word_1_9' title='bbox 1040 322 1346 380; x_wconf 80' lang='lat' dir='ltr'><strong>Prolegg.481.</strong></span> <span class='ocrx_word' id='word_1_10' title='bbox 1403 321 1554 368; x_wconf 83' lang='lat' dir='ltr'><strong>Eorum</strong></span> <span class='ocrx_word' id='word_1_11' title='bbox 1583 338 1687 383; x_wconf 87' lang='lat' dir='ltr'><strong>quae</strong></span> 
     </span>
     <span class='ocr_line' id='line_1_3' title="bbox 227 393 1688 453; baseline 0 -15"><span class='ocrx_word' id='word_1_12' title='bbox 227 398 270 438; x_wconf 95' lang='lat' dir='ltr'><strong>in</strong></span> <span class='ocrx_word' id='word_1_13' title='bbox 300 394 437 446; x_wconf 82' lang='grc' dir='ltr'><strong><em>ιαζειν</em></strong></span> <span class='ocrx_word' id='word_1_14' title='bbox 464 400 632 444; x_wconf 86' lang='lat' dir='ltr'><strong>exeunt,</strong></span> <span class='ocrx_word' id='word_1_15' title='bbox 662 395 864 439; x_wconf 86' lang='lat' dir='ltr'><strong>nonnulla</strong></span> <span class='ocrx_word' id='word_1_16' title='bbox 891 397 1016 439; x_wconf 86' lang='lat' dir='ltr'><strong>etiam</strong></span> <span class='ocrx_word' id='word_1_17' title='bbox 1047 408 1146 453; x_wconf 87' lang='lat' dir='ltr'><strong>pure</strong></span> <span class='ocrx_word' id='word_1_18' title='bbox 1175 393 1407 445; x_wconf 88' lang='lat' dir='ltr'><strong>terminari,</strong></span> <span class='ocrx_word' id='word_1_19' title='bbox 1436 393 1499 437; x_wconf 83' lang='lat' dir='ltr'><strong>sic</strong></span> <span class='ocrx_word' id='word_1_20' title='bbox 1529 401 1573 437; x_wconf 88' lang='lat' dir='ltr'><strong>ut</strong></span> <span class='ocrx_word' id='word_1_21' title='bbox 1597 401 1688 438; x_wconf 86' lang='lat' dir='ltr'><strong>zeta</strong></span> 
     </span>
     <span class='ocr_line' id='line_1_4' title="bbox 229 458 1689 521; baseline -0.001 -16"><span class='ocrx_word' id='word_1_22' title='bbox 229 462 425 505; x_wconf 78' lang='lat' dir='ltr'><strong>omIssum</strong></span> <span class='ocrx_word' id='word_1_23' title='bbox 451 460 641 504; x_wconf 86' lang='lat' dir='ltr'><strong>videatur</strong></span> <span class='ocrx_word' id='word_1_24' title='bbox 666 468 709 504; x_wconf 91' lang='lat' dir='ltr'><strong>ut</strong></span> <span class='ocrx_word' id='word_1_25' title='bbox 738 459 954 516; x_wconf 78' lang='grc' dir='ltr'><strong><em>εὖὸιάζειν</em></strong></span> <span class='ocrx_word' id='word_1_26' title='bbox 987 458 1158 521; x_wconf 79' lang='grc' dir='ltr'><strong><em>εὗὸιᾷν,</em></strong></span> <span class='ocrx_word' id='word_1_27' title='bbox 1198 473 1324 518; x_wconf 86' lang='lat' dir='ltr'><strong>supra</strong></span> <span class='ocrx_word' id='word_1_28' title='bbox 1362 462 1689 514; x_wconf 75' lang='lat' dir='ltr'><strong>commemoravi,</strong></span> 
     </span>
     <span class='ocr_line' id='line_1_5' title="bbox 228 524 1690 586; baseline 0.001 -16"><span class='ocrx_word' id='word_1_29' title='bbox 228 528 455 584; x_wconf 87' lang='lat' dir='ltr'><strong>eademque</strong></span> <span class='ocrx_word' id='word_1_30' title='bbox 495 534 558 571; x_wconf 88' lang='lat' dir='ltr'><strong>est</strong></span> <span class='ocrx_word' id='word_1_31' title='bbox 597 529 840 574; x_wconf 87' lang='lat' dir='ltr'><strong>vicissitudo</strong></span> <span class='ocrx_word' id='word_1_32' title='bbox 879 530 1051 573; x_wconf 87' lang='lat' dir='ltr'><strong>alterius</strong></span> <span class='ocrx_word' id='word_1_33' title='bbox 1082 529 1251 585; x_wconf 84' lang='lat' dir='ltr'><strong>generis</strong></span> <span class='ocrx_word' id='word_1_34' title='bbox 1287 525 1463 584; x_wconf 83' lang='grc' dir='ltr'><em>ἆφρίζω</em></span> <span class='ocrx_word' id='word_1_35' title='bbox 1497 524 1690 586; x_wconf 81' lang='grc' dir='ltr'><strong><em>ἆφριάω,</em></strong></span> 
     </span>
     <span class='ocr_line' id='line_1_6' title="bbox 226 592 1678 652; baseline 0 -14"><span class='ocrx_word' id='word_1_36' title='bbox 226 593 422 649; x_wconf 81' lang='grc' dir='ltr'><strong><em>μαστίζω</em></strong></span> <span class='ocrx_word' id='word_1_37' title='bbox 450 592 673 649; x_wconf 86' lang='grc' dir='ltr'><strong><em>μαστιάω,</em></strong></span> <span class='ocrx_word' id='word_1_38' title='bbox 712 595 907 650; x_wconf 81' lang='grc' dir='ltr'><strong><em>καπνίζω</em></strong></span> <span class='ocrx_word' id='word_1_39' title='bbox 937 594 1164 646; x_wconf 84' lang='grc' dir='ltr'><strong><em>καπνιάω,</em></strong></span> <span class='ocrx_word' id='word_1_40' title='bbox 1206 594 1353 652; x_wconf 84' lang='lat' dir='ltr'><strong>quibus</strong></span> <span class='ocrx_word' id='word_1_41' title='bbox 1385 601 1533 652; x_wconf 83' lang='lat' dir='ltr'><strong>poetae</strong></span> <span class='ocrx_word' id='word_1_42' title='bbox 1570 594 1678 638; x_wconf 68' lang='lat' dir='ltr'><strong>indis</strong></span> 
     </span>
     <span class='ocr_line' id='line_1_7' title="bbox 227 661 1692 720; baseline -0.001 -15"><span class='ocrx_word' id='word_1_43' title='bbox 227 662 407 705; x_wconf 87' lang='lat' dir='ltr'><strong>ferenter</strong></span> <span class='ocrx_word' id='word_1_44' title='bbox 432 662 490 704; x_wconf 90' lang='lat' dir='ltr'><strong>uti</strong></span> <span class='ocrx_word' id='word_1_45' title='bbox 519 661 654 706; x_wconf 84' lang='lat' dir='ltr'><strong>solent</strong></span> <span class='ocrx_word' id='word_1_46' title='bbox 676 667 740 716; x_wconf 84' lang='lat'><strong>¹⁵)</strong></span> <span class='ocrx_word' id='word_1_47' title='bbox 784 670 824 706; x_wconf 92' lang='lat' dir='ltr'><strong>et</strong></span> <span class='ocrx_word' id='word_1_48' title='bbox 858 663 1068 707; x_wconf 85' lang='lat' dir='ltr'><strong>nonnullis</strong></span> <span class='ocrx_word' id='word_1_49' title='bbox 1106 665 1231 707; x_wconf 86' lang='lat' dir='ltr'><strong>etiam</strong></span> <span class='ocrx_word' id='word_1_50' title='bbox 1259 664 1482 720; x_wconf 82' lang='lat' dir='ltr'><strong>scriptores</strong></span> <span class='ocrx_word' id='word_1_51' title='bbox 1513 662 1692 706; x_wconf 88' lang='lat' dir='ltr'><strong>numeris</strong></span> 
     </span>
     <span class='ocr_line' id='line_1_8' title="bbox 228 725 1692 788; baseline 0.001 -17"><span class='ocrx_word' id='word_1_52' title='bbox 228 728 353 772; x_wconf 87' lang='lat' dir='ltr'><strong>soluti</strong></span> <span class='ocrx_word' id='word_1_53' title='bbox 390 725 557 783; x_wconf 81' lang='grc' dir='ltr'><strong><em>ἂτμίζω</em></strong></span> <span class='ocrx_word' id='word_1_54' title='bbox 596 725 790 784; x_wconf 80' lang='grc' dir='ltr'><strong><em>ἆτμιάω,</em></strong></span> <span class='ocrx_word' id='word_1_55' title='bbox 826 729 1154 788; x_wconf 74' lang='grc' dir='ltr'><strong><em>ἕποφθαλμίζω</em></strong></span> <span class='ocrx_word' id='word_1_56' title='bbox 1175 726 1535 788; x_wconf 71' lang='grc' dir='ltr'><strong><em>ἐποφθαλμιάω,</em></strong></span> <span class='ocrx_word' id='word_1_57' title='bbox 1575 729 1692 787; x_wconf 83' lang='lat' dir='ltr'><strong>quasi</strong></span> 
     </span>
     <span class='ocr_line' id='line_1_9' title="bbox 228 795 1693 855; baseline -0.001 -16"><span class='ocrx_word' id='word_1_58' title='bbox 228 803 323 839; x_wconf 86' lang='lat' dir='ltr'><strong>zeta</strong></span> <span class='ocrx_word' id='word_1_59' title='bbox 350 798 394 839; x_wconf 91' lang='lat' dir='ltr'><strong>in</strong></span> <span class='ocrx_word' id='word_1_60' title='bbox 417 795 542 854; x_wconf 84' lang='lat' dir='ltr'><strong>alpha</strong></span> <span class='ocrx_word' id='word_1_61' title='bbox 570 803 737 841; x_wconf 88' lang='lat' dir='ltr'><strong>mutato.</strong></span> <span class='ocrx_word' id='word_1_62' title='bbox 794 796 882 841; x_wconf 92' lang='lat' dir='ltr'><strong>Sed</strong></span> <span class='ocrx_word' id='word_1_63' title='bbox 912 797 1017 841; x_wconf 89' lang='lat' dir='ltr'><strong>haec</strong></span> <span class='ocrx_word' id='word_1_64' title='bbox 1052 798 1232 855; x_wconf 89' lang='lat' dir='ltr'><strong>speciem</strong></span> <span class='ocrx_word' id='word_1_65' title='bbox 1260 797 1396 853; x_wconf 81' lang='lat' dir='ltr'><strong>magis</strong></span> <span class='ocrx_word' id='word_1_66' title='bbox 1435 796 1693 842; x_wconf 83' lang='lat' dir='ltr'><strong>affectionum</strong></span> 
     </span>
     <span class='ocr_line' id='line_1_10' title="bbox 227 863 1694 922; baseline 0 -16"><span class='ocrx_word' id='word_1_67' title='bbox 227 863 427 921; x_wconf 85' lang='lat' dir='ltr'><strong>praebent</strong></span> <span class='ocrx_word' id='word_1_68' title='bbox 463 876 585 920; x_wconf 85' lang='lat' dir='ltr'><strong>quam</strong></span> <span class='ocrx_word' id='word_1_69' title='bbox 622 866 850 908; x_wconf 88' lang='lat' dir='ltr'><strong>veritatem.</strong></span> <span class='ocrx_word' id='word_1_70' title='bbox 879 890 936 897; x_wconf 93' lang='lat'>—</span> <span class='ocrx_word' id='word_1_71' title='bbox 992 863 1280 922; x_wconf 88' lang='lat' dir='ltr'><strong>Synemptosis</strong></span> <span class='ocrx_word' id='word_1_72' title='bbox 1313 865 1460 908; x_wconf 86' lang='lat' dir='ltr'><strong>tertiae</strong></span> <span class='ocrx_word' id='word_1_73' title='bbox 1497 864 1694 919; x_wconf 81' lang='lat' dir='ltr'><strong>conjuga-</strong></span> 
     </span>
     <span class='ocr_line' id='line_1_11' title="bbox 227 929 1695 987; baseline 0.001 -14"><span class='ocrx_word' id='word_1_74' title='bbox 227 931 352 974; x_wconf 88' lang='lat' dir='ltr'><strong>tionis</strong></span> <span class='ocrx_word' id='word_1_75' title='bbox 382 930 572 987; x_wconf 87' lang='lat' dir='ltr'><strong>exempla</strong></span> <span class='ocrx_word' id='word_1_76' title='bbox 600 938 693 975; x_wconf 89' lang='lat' dir='ltr'><strong>sunt</strong></span> <span class='ocrx_word' id='word_1_77' title='bbox 722 934 900 976; x_wconf 83' lang='grc' dir='ltr'><strong><em>καινοῦν</em></strong></span> <span class='ocrx_word' id='word_1_78' title='bbox 932 930 1139 984; x_wconf 81' lang='grc' dir='ltr'><strong><em>καινίζειν</em></strong></span> <span class='ocrx_word' id='word_1_79' title='bbox 1167 938 1208 975; x_wconf 90' lang='lat' dir='ltr'><strong>et</strong></span> <span class='ocrx_word' id='word_1_80' title='bbox 1236 929 1529 985; x_wconf 75' lang='grc' dir='ltr'><strong><em>ἀνακαινίζειν</em></strong></span> <span class='ocrx_word' id='word_1_81' title='bbox 1548 930 1695 974; x_wconf 83' lang='lat' dir='ltr'><strong>Atticis</strong></span> 
     </span>
     <span class='ocr_line' id='line_1_12' title="bbox 227 994 1696 1055; baseline 0.001 -15"><span class='ocrx_word' id='word_1_82' title='bbox 227 999 383 1054; x_wconf 88' lang='lat' dir='ltr'><strong>pariter</strong></span> <span class='ocrx_word' id='word_1_83' title='bbox 424 997 621 1054; x_wconf 84' lang='lat' dir='ltr'><strong>probata,</strong></span> <span class='ocrx_word' id='word_1_84' title='bbox 664 994 826 1055; x_wconf 80' lang='grc' dir='ltr'><strong><em>ὁρκοῦν</em></strong></span> <span class='ocrx_word' id='word_1_85' title='bbox 864 1006 904 1043; x_wconf 90' lang='lat' dir='ltr'><strong>et</strong></span> <span class='ocrx_word' id='word_1_86' title='bbox 945 996 1137 1055; x_wconf 79' lang='grc' dir='ltr'><strong><em>ὁρκίζειν</em></strong></span> <span class='ocrx_word' id='word_1_87' title='bbox 1174 997 1408 1054; x_wconf 83' lang='lat' dir='ltr'><strong>Phrynicho</strong></span> <span class='ocrx_word' id='word_1_88' title='bbox 1451 997 1696 1049; x_wconf 80' lang='lat' dir='ltr'><strong>damnatum,</strong></span> 
     </span>
     <span class='ocr_line' id='line_1_13' title="bbox 229 1061 1697 1124; baseline -0.001 -15"><span class='ocrx_word' id='word_1_89' title='bbox 229 1061 455 1122; x_wconf 81' lang='grc' dir='ltr'><strong><em>ὄρφανοῦν</em></strong></span> <span class='ocrx_word' id='word_1_90' title='bbox 485 1071 524 1108; x_wconf 88' lang='lat' dir='ltr'><strong>et</strong></span> <span class='ocrx_word' id='word_1_91' title='bbox 556 1066 761 1122; x_wconf 85' lang='lat' dir='ltr'><strong>antiquius</strong></span> <span class='ocrx_word' id='word_1_92' title='bbox 802 1062 1076 1124; x_wconf 77' lang='grc' dir='ltr'><strong><em>ὄρφανίζειν,</em></strong></span> <span class='ocrx_word' id='word_1_93' title='bbox 1120 1063 1335 1119; x_wconf 74' lang='grc' dir='ltr'><strong><em>αἰματοῢν</em></strong></span> <span class='ocrx_word' id='word_1_94' title='bbox 1372 1070 1413 1108; x_wconf 80' lang='lat' dir='ltr'><strong>et</strong></span> <span class='ocrx_word' id='word_1_95' title='bbox 1441 1062 1697 1119; x_wconf 77' lang='grc' dir='ltr'><strong><em>αἱματίζειν,</em></strong></span> 
     </span>
     <span class='ocr_line' id='line_1_14' title="bbox 228 1129 1698 1190; baseline 0.001 -16"><span class='ocrx_word' id='word_1_96' title='bbox 228 1138 435 1188; x_wconf 90' lang='lat' dir='ltr'><strong>postremo</strong></span> <span class='ocrx_word' id='word_1_97' title='bbox 465 1129 635 1175; x_wconf 89' lang='grc' dir='ltr'><strong><em>σκοτόω</em></strong></span> <span class='ocrx_word' id='word_1_98' title='bbox 677 1139 717 1176; x_wconf 89' lang='lat' dir='ltr'><strong>et</strong></span> <span class='ocrx_word' id='word_1_99' title='bbox 754 1133 963 1190; x_wconf 72' lang='grc' dir='ltr'><strong><em>οκοτίζω,</em></strong></span> <span class='ocrx_word' id='word_1_100' title='bbox 1002 1132 1149 1189; x_wconf 91' lang='lat' dir='ltr'><strong>quibus</strong></span> <span class='ocrx_word' id='word_1_101' title='bbox 1190 1132 1391 1176; x_wconf 87' lang='lat' dir='ltr'><strong>accedunt</strong></span> <span class='ocrx_word' id='word_1_102' title='bbox 1429 1129 1629 1184; x_wconf 84' lang='grc' dir='ltr'><strong><em>σκοτάζω</em></strong></span> <span class='ocrx_word' id='word_1_103' title='bbox 1659 1138 1698 1175; x_wconf 88' lang='lat' dir='ltr'><strong>et</strong></span> 
     </span>
     <span class='ocr_line' id='line_1_15' title="bbox 229 1198 1698 1256; baseline 0.001 -16"><span class='ocrx_word' id='word_1_104' title='bbox 229 1199 531 1242; x_wconf 84' lang='lat' dir='ltr'><strong>intransitivum</strong></span> <span class='ocrx_word' id='word_1_105' title='bbox 561 1199 766 1243; x_wconf 86' lang='grc' dir='ltr'><strong><em>σκοτεύω.</em></strong></span> <span class='ocrx_word' id='word_1_106' title='bbox 824 1198 911 1242; x_wconf 88' lang='lat' dir='ltr'><strong>Sed</strong></span> <span class='ocrx_word' id='word_1_107' title='bbox 941 1213 1020 1256; x_wconf 90' lang='lat' dir='ltr'><strong>quo</strong></span> <span class='ocrx_word' id='word_1_108' title='bbox 1055 1200 1190 1255; x_wconf 82' lang='lat' dir='ltr'><strong>magis</strong></span> <span class='ocrx_word' id='word_1_109' title='bbox 1227 1205 1367 1256; x_wconf 82' lang='lat' dir='ltr'><strong>pateat</strong></span> <span class='ocrx_word' id='word_1_110' title='bbox 1395 1205 1550 1256; x_wconf 82' lang='lat' dir='ltr'><strong>quanta</strong></span> <span class='ocrx_word' id='word_1_111' title='bbox 1576 1198 1698 1242; x_wconf 79' lang='lat' dir='ltr'><strong>fuerit</strong></span> 
     </span>
     <span class='ocr_line' id='line_1_16' title="bbox 233 1264 1699 1323; baseline 0.001 -15"><span class='ocrx_word' id='word_1_112' title='bbox 233 1264 408 1309; x_wconf 87' lang='lat' dir='ltr'><strong>Graecis</strong></span> <span class='ocrx_word' id='word_1_113' title='bbox 435 1265 655 1310; x_wconf 85' lang='lat' dir='ltr'><strong>verborum</strong></span> <span class='ocrx_word' id='word_1_114' title='bbox 676 1266 960 1311; x_wconf 83' lang='lat' dir='ltr'><strong>faciendorum</strong></span> <span class='ocrx_word' id='word_1_115' title='bbox 989 1274 1028 1310; x_wconf 89' lang='lat' dir='ltr'><strong>et</strong></span> <span class='ocrx_word' id='word_1_116' title='bbox 1053 1278 1382 1323; x_wconf 87' lang='lat' dir='ltr'><strong>quoquoversum</strong></span> <span class='ocrx_word' id='word_1_117' title='bbox 1407 1264 1699 1310; x_wconf 86' lang='lat' dir='ltr'><strong>flectendorum</strong></span> 
     </span>
     <span class='ocr_line' id='line_1_17' title="bbox 229 1331 1700 1391; baseline 0.001 -16"><span class='ocrx_word' id='word_1_118' title='bbox 229 1331 421 1384; x_wconf 89' lang='lat' dir='ltr'><strong>licentia,</strong></span> <span class='ocrx_word' id='word_1_119' title='bbox 466 1333 587 1390; x_wconf 83' lang='lat' dir='ltr'><strong>plura</strong></span> <span class='ocrx_word' id='word_1_120' title='bbox 624 1333 703 1378; x_wconf 91' lang='lat' dir='ltr'><strong>hoc</strong></span> <span class='ocrx_word' id='word_1_121' title='bbox 746 1333 840 1377; x_wconf 93' lang='lat' dir='ltr'><strong>loco</strong></span> <span class='ocrx_word' id='word_1_122' title='bbox 878 1333 1088 1389; x_wconf 83' lang='lat' dir='ltr'><strong>colligabo</strong></span> <span class='ocrx_word' id='word_1_123' title='bbox 1126 1333 1337 1391; x_wconf 83' lang='lat' dir='ltr'><strong>exempla:</strong></span> <span class='ocrx_word' id='word_1_124' title='bbox 1381 1331 1624 1388; x_wconf 83' lang='grc' dir='ltr'><strong><em>τοξάζομαι</em></strong></span> <span class='ocrx_word' id='word_1_125' title='bbox 1659 1339 1700 1376; x_wconf 89' lang='lat' dir='ltr'><strong>et</strong></span> 
     </span>
     <span class='ocr_line' id='line_1_18' title="bbox 230 1398 1700 1458; baseline 0.001 -15"><span class='ocrx_word' id='word_1_126' title='bbox 230 1398 407 1452; x_wconf 70' lang='grc' dir='ltr'><strong><em>τοξεύω,</em></strong></span> <span class='ocrx_word' id='word_1_127' title='bbox 437 1399 517 1444; x_wconf 91' lang='lat' dir='ltr'><strong>hoc</strong></span> <span class='ocrx_word' id='word_1_128' title='bbox 546 1399 705 1453; x_wconf 85' lang='lat' dir='ltr'><strong>Iliadis,</strong></span> <span class='ocrx_word' id='word_1_129' title='bbox 735 1401 838 1444; x_wconf 91' lang='lat' dir='ltr'><strong>illud</strong></span> <span class='ocrx_word' id='word_1_130' title='bbox 868 1399 1085 1457; x_wconf 84' lang='lat' dir='ltr'><strong>Odysseae</strong></span> <span class='ocrx_word' id='word_1_131' title='bbox 1114 1402 1344 1458; x_wconf 89' lang='lat' dir='ltr'><strong>proprium,</strong></span> <span class='ocrx_word' id='word_1_132' title='bbox 1374 1398 1630 1454; x_wconf 80' lang='grc' dir='ltr'><strong><em>ἶππάζομαι</em></strong></span> <span class='ocrx_word' id='word_1_133' title='bbox 1659 1407 1700 1444; x_wconf 85' lang='lat' dir='ltr'><strong>et</strong></span> 
     </span>
     <span class='ocr_line' id='line_1_19' title="bbox 231 1463 1699 1524; baseline 0 -14"><span class='ocrx_word' id='word_1_134' title='bbox 231 1463 425 1519; x_wconf 78' lang='grc' dir='ltr'><em>ἱππεύω,</em></span> <span class='ocrx_word' id='word_1_135' title='bbox 455 1481 561 1524; x_wconf 85' lang='lat' dir='ltr'><strong>quae</strong></span> <span class='ocrx_word' id='word_1_136' title='bbox 580 1468 816 1512; x_wconf 84' lang='lat' dir='ltr'><strong>Hermanno</strong></span> <span class='ocrx_word' id='word_1_137' title='bbox 847 1468 900 1511; x_wconf 89' lang='lat' dir='ltr'><strong>ad</strong></span> <span class='ocrx_word' id='word_1_138' title='bbox 917 1468 1045 1511; x_wconf 89' lang='lat' dir='ltr'><strong>Arist.</strong></span> <span class='ocrx_word' id='word_1_139' title='bbox 1063 1466 1197 1511; x_wconf 90' lang='lat' dir='ltr'><strong>Nubb.</strong></span> <span class='ocrx_word' id='word_1_140' title='bbox 1215 1467 1283 1510; x_wconf 82' lang='lat'><strong>15.</strong></span> <span class='ocrx_word' id='word_1_141' title='bbox 1311 1480 1395 1510; x_wconf 89' lang='lat' dir='ltr'><strong>non</strong></span> <span class='ocrx_word' id='word_1_142' title='bbox 1423 1466 1532 1510; x_wconf 87' lang='lat' dir='ltr'><strong>idem</strong></span> <span class='ocrx_word' id='word_1_143' title='bbox 1554 1467 1699 1510; x_wconf 88' lang='lat' dir='ltr'><strong>valere</strong></span> 
     </span>
     <span class='ocr_line' id='line_1_20' title="bbox 230 1531 1700 1593; baseline 0.001 -17"><span class='ocrx_word' id='word_1_144' title='bbox 230 1534 419 1577; x_wconf 89' lang='lat' dir='ltr'><strong>videntur</strong></span> <span class='ocrx_word' id='word_1_145' title='bbox 438 1535 513 1578; x_wconf 92' lang='lat' dir='ltr'><strong>sed</strong></span> <span class='ocrx_word' id='word_1_146' title='bbox 530 1531 868 1593; x_wconf 79' lang='grc' dir='ltr'><strong><em>ἆφιππάζομαι,</em></strong></span> <span class='ocrx_word' id='word_1_147' title='bbox 899 1533 1214 1589; x_wconf 80' lang='grc' dir='ltr'><strong><em>ἐξιππάζομαι,</em></strong></span> <span class='ocrx_word' id='word_1_148' title='bbox 1244 1531 1580 1588; x_wconf 80' lang='grc' dir='ltr'><strong><em>συνιππάζομαι</em></strong></span> <span class='ocrx_word' id='word_1_149' title='bbox 1596 1534 1700 1578; x_wconf 89' lang='lat' dir='ltr'><strong>nihil</strong></span> 
     </span>
     <span class='ocr_line' id='line_1_21' title="bbox 232 1597 1701 1660; baseline 0 -17"><span class='ocrx_word' id='word_1_150' title='bbox 232 1600 424 1644; x_wconf 84' lang='lat' dir='ltr'><strong>differunt</strong></span> <span class='ocrx_word' id='word_1_151' title='bbox 454 1615 480 1645; x_wconf 84' lang='lat' dir='ltr'><strong>a</strong></span> <span class='ocrx_word' id='word_1_152' title='bbox 501 1602 641 1646; x_wconf 85' lang='lat' dir='ltr'><strong>verbis</strong></span> <span class='ocrx_word' id='word_1_153' title='bbox 669 1605 797 1660; x_wconf 88' lang='lat' dir='ltr'><strong>puris,</strong></span> <span class='ocrx_word' id='word_1_154' title='bbox 827 1602 993 1659; x_wconf 88' lang='lat' dir='ltr'><strong>aliaque</strong></span> <span class='ocrx_word' id='word_1_155' title='bbox 1013 1601 1064 1644; x_wconf 86' lang='lat' dir='ltr'><strong>ab</strong></span> <span class='ocrx_word' id='word_1_156' title='bbox 1087 1602 1290 1645; x_wconf 87' lang='lat' dir='ltr'><strong>Atticistis</strong></span> <span class='ocrx_word' id='word_1_157' title='bbox 1319 1600 1564 1657; x_wconf 84' lang='lat' dir='ltr'><strong>dijudicata:</strong></span> <span class='ocrx_word' id='word_1_158' title='bbox 1595 1597 1701 1659; x_wconf 83' lang='grc' dir='ltr'><em>ἀλη-</em></span> 
     </span>
     <span class='ocr_line' id='line_1_22' title="bbox 230 1663 1703 1727; baseline 0.001 -17"><span class='ocrx_word' id='word_1_159' title='bbox 230 1666 418 1722; x_wconf 74' lang='grc' dir='ltr'><strong><em>θίζομαι</em></strong></span> <span class='ocrx_word' id='word_1_160' title='bbox 457 1668 532 1712; x_wconf 78' lang='grc' dir='ltr'><strong>καὶ</strong></span> <span class='ocrx_word' id='word_1_161' title='bbox 565 1666 775 1727; x_wconf 77' lang='grc' dir='ltr'><em>ἀληθεύω</em></span> <span class='ocrx_word' id='word_1_162' title='bbox 805 1669 953 1713; x_wconf 90' lang='lat' dir='ltr'><strong>Thom.</strong></span> <span class='ocrx_word' id='word_1_163' title='bbox 993 1664 1206 1727; x_wconf 71' lang='grc' dir='ltr'><strong><em>ὀρθρεύει</em></strong></span> <span class='ocrx_word' id='word_1_164' title='bbox 1243 1665 1452 1719; x_wconf 81' lang='grc' dir='ltr'><strong><em>ἇττικιῢς,</em></strong></span> <span class='ocrx_word' id='word_1_165' title='bbox 1499 1663 1703 1726; x_wconf 77' lang='grc' dir='ltr'><strong><em>ὄρθρίζει</em></strong></span> 
     </span>
     <span class='ocr_line' id='line_1_23' title="bbox 235 1731 1703 1792; baseline 0.002 -16"><span class='ocrx_word' id='word_1_166' title='bbox 235 1731 472 1790; x_wconf 71' lang='grc' dir='ltr'><strong><em>ἑλληνικῶς</em></strong></span> <span class='ocrx_word' id='word_1_167' title='bbox 501 1735 636 1780; x_wconf 86' lang='lat' dir='ltr'><strong>Moer.</strong></span> <span class='ocrx_word' id='word_1_168' title='bbox 675 1734 981 1792; x_wconf 83' lang='grc' dir='ltr'><strong><em>αἶχμαλωτίζω</em></strong></span> <span class='ocrx_word' id='word_1_169' title='bbox 1012 1749 1039 1779; x_wconf 83' lang='lat' dir='ltr'><strong>a</strong></span> <span class='ocrx_word' id='word_1_170' title='bbox 1065 1734 1299 1792; x_wconf 85' lang='lat' dir='ltr'><strong>Phrynicho</strong></span> <span class='ocrx_word' id='word_1_171' title='bbox 1337 1735 1533 1792; x_wconf 82' lang='lat' dir='ltr'><strong>rejectum</strong></span> <span class='ocrx_word' id='word_1_172' title='bbox 1562 1742 1602 1779; x_wconf 83' lang='lat' dir='ltr'><strong>et</strong></span> <span class='ocrx_word' id='word_1_173' title='bbox 1630 1735 1703 1779; x_wconf 77' lang='lat' dir='ltr'><strong>de-</strong></span> 
     </span>
     <span class='ocr_line' id='line_1_24' title="bbox 231 1798 1703 1856; baseline 0.002 -13"><span class='ocrx_word' id='word_1_174' title='bbox 231 1803 360 1844; x_wconf 85' lang='lat' dir='ltr'><strong>terius</strong></span> <span class='ocrx_word' id='word_1_175' title='bbox 391 1799 726 1856; x_wconf 84' lang='grc' dir='ltr'><strong><em>αἰχμαλωτεύω,</em></strong></span> <span class='ocrx_word' id='word_1_176' title='bbox 761 1802 941 1856; x_wconf 81' lang='grc' dir='ltr'><strong><em>σιτίζειν</em></strong></span> <span class='ocrx_word' id='word_1_177' title='bbox 977 1799 1147 1847; x_wconf 82' lang='grc' dir='ltr'><strong><em>ἆττικοὶ</em></strong></span> <span class='ocrx_word' id='word_1_178' title='bbox 1176 1798 1228 1846; x_wconf 82' lang='grc' dir='ltr'><strong>οὗ</strong></span> <span class='ocrx_word' id='word_1_179' title='bbox 1257 1799 1466 1846; x_wconf 81' lang='grc' dir='ltr'><strong><em>σιτεύειν·</em></strong></span> <span class='ocrx_word' id='word_1_180' title='bbox 1504 1799 1703 1854; x_wconf 80' lang='grc' dir='ltr'><strong><em>σιτευτός</em></strong></span> 
     </span>
     <span class='ocr_line' id='line_1_25' title="bbox 232 1867 1704 1927; baseline 0.001 -15"><span class='ocrx_word' id='word_1_181' title='bbox 232 1867 381 1922; x_wconf 85' lang='grc' dir='ltr'><strong><em>μέντοι</em></strong></span> <span class='ocrx_word' id='word_1_182' title='bbox 413 1867 466 1913; x_wconf 81' lang='grc' dir='ltr'><strong>οὐ</strong></span> <span class='ocrx_word' id='word_1_183' title='bbox 495 1868 690 1923; x_wconf 86' lang='grc' dir='ltr'><strong><em>σιτιστός</em></strong></span> <span class='ocrx_word' id='word_1_184' title='bbox 707 1869 854 1914; x_wconf 89' lang='lat' dir='ltr'><strong>Thom.</strong></span> <span class='ocrx_word' id='word_1_185' title='bbox 874 1871 942 1925; x_wconf 71' lang='grc'><strong>16)</strong></span> <span class='ocrx_word' id='word_1_186' title='bbox 985 1869 1094 1922; x_wconf 89' lang='lat' dir='ltr'><strong>Quin</strong></span> <span class='ocrx_word' id='word_1_187' title='bbox 1123 1871 1248 1914; x_wconf 87' lang='lat' dir='ltr'><strong>etiam</strong></span> <span class='ocrx_word' id='word_1_188' title='bbox 1273 1870 1531 1927; x_wconf 86' lang='lat' dir='ltr'><strong>reperiuntur</strong></span> <span class='ocrx_word' id='word_1_189' title='bbox 1549 1869 1704 1927; x_wconf 84' lang='lat' dir='ltr'><strong>triplici</strong></span> 
     </span>
     <span class='ocr_line' id='line_1_26' title="bbox 233 1934 1701 1995; baseline 0.001 -18"><span class='ocrx_word' id='word_1_190' title='bbox 233 1941 272 1977; x_wconf 89' lang='lat' dir='ltr'><strong>et</strong></span> <span class='ocrx_word' id='word_1_191' title='bbox 303 1935 477 1993; x_wconf 87' lang='lat' dir='ltr'><strong>amplius</strong></span> <span class='ocrx_word' id='word_1_192' title='bbox 506 1936 614 1980; x_wconf 85' lang='lat' dir='ltr'><strong>flexu</strong></span> <span class='ocrx_word' id='word_1_193' title='bbox 640 1939 805 1980; x_wconf 86' lang='lat' dir='ltr'><strong>variata</strong></span> <span class='ocrx_word' id='word_1_194' title='bbox 832 1934 1102 1994; x_wconf 78' lang='grc' dir='ltr'><strong><em>σπαργανάω</em></strong></span> <span class='ocrx_word' id='word_1_195' title='bbox 1121 1934 1389 1995; x_wconf 78' lang='grc' dir='ltr'><strong><em>σπαργανόω</em></strong></span> <span class='ocrx_word' id='word_1_196' title='bbox 1406 1935 1701 1994; x_wconf 80' lang='grc' dir='ltr'><strong><em>σπαργανίζω,</em></strong></span> 
     </span>
     <span class='ocr_line' id='line_1_27' title="bbox 233 1999 1702 2060; baseline 0.002 -17"><span class='ocrx_word' id='word_1_197' title='bbox 233 2000 533 2058; x_wconf 78' lang='grc' dir='ltr'><strong><em>στρογγυλεύω</em></strong></span> <span class='ocrx_word' id='word_1_198' title='bbox 559 2000 837 2060; x_wconf 76' lang='grc' dir='ltr'><strong><em>στρογγυλόω</em></strong></span> <span class='ocrx_word' id='word_1_199' title='bbox 853 2001 1145 2058; x_wconf 79' lang='grc' dir='ltr'><strong><em>στρογγυλίζω</em></strong></span> <span class='ocrx_word' id='word_1_200' title='bbox 1161 2002 1496 2060; x_wconf 78' lang='grc' dir='ltr'><strong><em>στρογγυλαίνω,</em></strong></span> <span class='ocrx_word' id='word_1_201' title='bbox 1527 1999 1702 2048; x_wconf 81' lang='grc' dir='ltr'><strong><em>ὀπτεύω</em></strong></span> 
     </span>
     <span class='ocr_line' id='line_1_28' title="bbox 234 2063 1702 2128; baseline 0.001 -16"><span class='ocrx_word' id='word_1_202' title='bbox 234 2063 413 2122; x_wconf 81' lang='grc' dir='ltr'><strong><em>ὂπτάζω</em></strong></span> <span class='ocrx_word' id='word_1_203' title='bbox 441 2066 746 2122; x_wconf 79' lang='grc' dir='ltr'><strong><em>(ποτοπτάζω)</em></strong></span> <span class='ocrx_word' id='word_1_204' title='bbox 768 2065 937 2121; x_wconf 83' lang='grc' dir='ltr'><strong><em>ὂπτίζω</em></strong></span> <span class='ocrx_word' id='word_1_205' title='bbox 959 2064 1139 2112; x_wconf 83' lang='grc' dir='ltr'><strong><em>ὀπτάνω</em></strong></span> <span class='ocrx_word' id='word_1_206' title='bbox 1157 2065 1353 2113; x_wconf 80' lang='grc' dir='ltr'><strong><em>ὄπτίλλω</em></strong></span> <span class='ocrx_word' id='word_1_207' title='bbox 1377 2069 1702 2128; x_wconf 83' lang='grc' dir='ltr'><strong><em>(ποτοπτίλλω)</em></strong></span> 
     </span>
     <span class='ocr_line' id='line_1_29' title="bbox 235 2135 1705 2192; baseline 0.002 -15"><span class='ocrx_word' id='word_1_208' title='bbox 235 2148 341 2191; x_wconf 87' lang='lat' dir='ltr'><strong>quae</strong></span> <span class='ocrx_word' id='word_1_209' title='bbox 372 2137 511 2179; x_wconf 86' lang='lat' dir='ltr'><strong>omnia</strong></span> <span class='ocrx_word' id='word_1_210' title='bbox 539 2142 712 2178; x_wconf 83' lang='lat' dir='ltr'><strong>naturae</strong></span> <span class='ocrx_word' id='word_1_211' title='bbox 741 2135 907 2179; x_wconf 89' lang='lat' dir='ltr'><strong>vinculo</strong></span> <span class='ocrx_word' id='word_1_212' title='bbox 933 2136 1212 2187; x_wconf 85' lang='lat' dir='ltr'><strong>continentur,</strong></span> <span class='ocrx_word' id='word_1_213' title='bbox 1253 2148 1336 2179; x_wconf 91' lang='lat' dir='ltr'><strong>non</strong></span> <span class='ocrx_word' id='word_1_214' title='bbox 1375 2148 1426 2187; x_wconf 86' lang='lat' dir='ltr'><strong>eo</strong></span> <span class='ocrx_word' id='word_1_215' title='bbox 1460 2136 1568 2192; x_wconf 91' lang='lat' dir='ltr'><strong>quod</strong></span> <span class='ocrx_word' id='word_1_216' title='bbox 1597 2137 1705 2180; x_wconf 90' lang='lat' dir='ltr'><strong>inter</strong></span> 
     </span>
     <span class='ocr_line' id='line_1_30' title="bbox 234 2201 1704 2259; baseline 0.001 -14"><span class='ocrx_word' id='word_1_217' title='bbox 234 2210 356 2246; x_wconf 85' lang='lat' dir='ltr'><strong>natos</strong></span> <span class='ocrx_word' id='word_1_218' title='bbox 386 2209 426 2246; x_wconf 89' lang='lat' dir='ltr'><strong>et</strong></span> <span class='ocrx_word' id='word_1_219' title='bbox 451 2209 644 2259; x_wconf 81' lang='lat' dir='ltr'><strong>parentes</strong></span> <span class='ocrx_word' id='word_1_220' title='bbox 670 2202 885 2245; x_wconf 85' lang='lat' dir='ltr'><strong>intercedit</strong></span> <span class='ocrx_word' id='word_1_221' title='bbox 905 2202 980 2245; x_wconf 87' lang='lat' dir='ltr'><strong>sed</strong></span> <span class='ocrx_word' id='word_1_222' title='bbox 1009 2216 1088 2259; x_wconf 90' lang='lat' dir='ltr'><strong>quo</strong></span> <span class='ocrx_word' id='word_1_223' title='bbox 1117 2203 1309 2246; x_wconf 85' lang='lat' dir='ltr'><strong>diversae</strong></span> <span class='ocrx_word' id='word_1_224' title='bbox 1330 2201 1517 2246; x_wconf 81' lang='lat' dir='ltr'><strong>familiae</strong></span> <span class='ocrx_word' id='word_1_225' title='bbox 1543 2202 1596 2246; x_wconf 76' lang='lat' dir='ltr'><strong>ab</strong></span> <span class='ocrx_word' id='word_1_226' title='bbox 1621 2216 1704 2247; x_wconf 82' lang='lat' dir='ltr'><strong>una</strong></span> 
     </span>
     <span class='ocr_line' id='line_1_31' title="bbox 234 2268 1703 2327; baseline 0.001 -15"><span class='ocrx_word' id='word_1_227' title='bbox 234 2271 361 2326; x_wconf 86' lang='lat' dir='ltr'><strong>stirpe</strong></span> <span class='ocrx_word' id='word_1_228' title='bbox 388 2272 706 2326; x_wconf 87' lang='lat' dir='ltr'><strong>proseminatae.</strong></span> <span class='ocrx_word' id='word_1_229' title='bbox 765 2268 882 2314; x_wconf 90' lang='lat' dir='ltr'><strong>Nunc</strong></span> <span class='ocrx_word' id='word_1_230' title='bbox 911 2269 1095 2327; x_wconf 82' lang='lat' dir='ltr'><strong>reliquas</strong></span> <span class='ocrx_word' id='word_1_231' title='bbox 1126 2270 1435 2314; x_wconf 85' lang='lat' dir='ltr'><strong>terminationes</strong></span> <span class='ocrx_word' id='word_1_232' title='bbox 1465 2282 1703 2327; x_wconf 87' lang='lat' dir='ltr'><strong>percurram</strong></span> 
     </span>
     <span class='ocr_line' id='line_1_32' title="bbox 233 2336 427 2380; baseline 0 0"><span class='ocrx_word' id='word_1_233' title='bbox 233 2336 427 2380; x_wconf 86' lang='lat' dir='ltr'><strong>breviter.</strong></span> 
     </span>
    </p>

    <p class='ocr_par' dir='ltr' id='par_1_3' title="bbox 235 2395 1703 2530">
     <span class='ocr_line' id='line_1_33' title="bbox 347 2395 1702 2462; baseline 0.001 -14"><span class='ocrx_word' id='word_1_234' title='bbox 347 2407 381 2461; x_wconf 64' lang='grc' dir='ltr'><strong>ξ.</strong></span> <span class='ocrx_word' id='word_1_235' title='bbox 412 2405 452 2448; x_wconf 83' lang='grc'><strong>5.</strong></span> <span class='ocrx_word' id='word_1_236' title='bbox 510 2405 557 2450; x_wconf 91' lang='lat' dir='ltr'><strong>In</strong></span> <span class='ocrx_word' id='word_1_237' title='bbox 593 2395 697 2459; x_wconf 55' lang='grc' dir='ltr'><strong>ὗζῖ</strong></span> <span class='ocrx_word' id='word_1_238' title='bbox 725 2406 805 2450; x_wconf 90' lang='lat' dir='ltr'><strong>duo</strong></span> <span class='ocrx_word' id='word_1_239' title='bbox 844 2406 966 2450; x_wconf 90' lang='lat' dir='ltr'><strong>modo</strong></span> <span class='ocrx_word' id='word_1_240' title='bbox 1009 2412 1156 2449; x_wconf 87' lang='lat' dir='ltr'><strong>exeunt</strong></span> <span class='ocrx_word' id='word_1_241' title='bbox 1193 2401 1376 2462; x_wconf 70' lang='grc' dir='ltr'><strong><em>ἁρμόζεο</em></strong></span> <span class='ocrx_word' id='word_1_242' title='bbox 1413 2412 1453 2449; x_wconf 89' lang='lat' dir='ltr'><strong>et</strong></span> <span class='ocrx_word' id='word_1_243' title='bbox 1486 2404 1702 2459; x_wconf 83' lang='grc' dir='ltr'><strong><em>δεσπόζω,</em></strong></span> 
     </span>
     <span class='ocr_line' id='line_1_34' title="bbox 235 2469 1703 2530; baseline 0 -14"><span class='ocrx_word' id='word_1_244' title='bbox 235 2475 350 2529; x_wconf 76' lang='lat' dir='ltr'><strong>quus</strong></span> <span class='ocrx_word' id='word_1_245' title='bbox 384 2480 498 2517; x_wconf 88' lang='lat' dir='ltr'><strong>ortus</strong></span> <span class='ocrx_word' id='word_1_246' title='bbox 527 2487 658 2530; x_wconf 88' lang='lat' dir='ltr'><strong>aeque</strong></span> <span class='ocrx_word' id='word_1_247' title='bbox 688 2474 853 2529; x_wconf 82' lang='lat' dir='ltr'><strong>ignotus</strong></span> <span class='ocrx_word' id='word_1_248' title='bbox 884 2480 948 2516; x_wconf 91' lang='lat' dir='ltr'><strong>est</strong></span> <span class='ocrx_word' id='word_1_249' title='bbox 975 2479 1018 2516; x_wconf 91' lang='lat' dir='ltr'><strong>ut</strong></span> <span class='ocrx_word' id='word_1_250' title='bbox 1035 2474 1213 2516; x_wconf 89' lang='lat' dir='ltr'><strong>nominis</strong></span> <span class='ocrx_word' id='word_1_251' title='bbox 1242 2469 1471 2529; x_wconf 80' lang='grc' dir='ltr'><strong><em>δεσπότης.</em></strong></span> <span class='ocrx_word' id='word_1_252' title='bbox 1527 2473 1703 2516; x_wconf 87' lang='lat' dir='ltr'><strong>Dubium</strong></span> 
     </span>
    </p>
   </div>
   <div class='ocr_carea' id='block_1_3' title="bbox 300 384 437 392">
    <p class='ocr_par' dir='ltr' id='par_1_4' title="bbox 300 384 437 392">
     <span class='ocr_line' id='line_1_35' title="bbox 300 384 437 392; baseline 0 2728"><span class='ocrx_word' id='word_1_253' title='bbox 300 384 437 392; x_wconf 95' lang='lat' dir='ltr'><strong> </strong></span> 
     </span>
    </p>
   </div>
   <div class='ocr_carea' id='block_1_4' title="bbox 235 2584 1704 2861">
    <p class='ocr_par' dir='ltr' id='par_1_5' title="bbox 235 2584 1704 2748">
     <span class='ocr_line' id='line_1_36' title="bbox 327 2584 1704 2636; baseline -0.001 -13"><span class='ocrx_word' id='word_1_254' title='bbox 327 2589 385 2634; x_wconf 88' lang='lat'><strong>15)</strong></span> <span class='ocrx_word' id='word_1_255' title='bbox 413 2587 594 2636; x_wconf 79' lang='grc' dir='ltr'><strong><em>Ἀφρίζων</em></strong></span> <span class='ocrx_word' id='word_1_256' title='bbox 612 2587 693 2624; x_wconf 88' lang='lat' dir='ltr'><strong>Nic.</strong></span> <span class='ocrx_word' id='word_1_257' title='bbox 714 2587 770 2623; x_wconf 84' lang='lat' dir='ltr'><strong>Al.</strong></span> <span class='ocrx_word' id='word_1_258' title='bbox 788 2586 843 2621; x_wconf 80' lang='lat'><strong>76.</strong></span> <span class='ocrx_word' id='word_1_259' title='bbox 868 2584 1035 2634; x_wconf 82' lang='grc' dir='ltr'><strong><em>ιἰφριόων</em></strong></span> <span class='ocrx_word' id='word_1_260' title='bbox 1056 2585 1116 2620; x_wconf 84' lang='lat' dir='ltr'><strong>alii</strong></span> <span class='ocrx_word' id='word_1_261' title='bbox 1139 2586 1304 2632; x_wconf 81' lang='lat' dir='ltr'><strong>superius</strong></span> <span class='ocrx_word' id='word_1_262' title='bbox 1323 2586 1505 2622; x_wconf 87' lang='lat' dir='ltr'><strong>nominati.</strong></span> <span class='ocrx_word' id='word_1_263' title='bbox 1550 2586 1704 2623; x_wconf 87' lang='lat' dir='ltr'><strong>Nonnus</strong></span> 
     </span>
     <span class='ocr_line' id='line_1_37' title="bbox 235 2641 1704 2692; baseline 0 -12"><span class='ocrx_word' id='word_1_264' title='bbox 235 2657 345 2692; x_wconf 81' lang='lat' dir='ltr'><strong>saepe</strong></span> <span class='ocrx_word' id='word_1_265' title='bbox 368 2647 601 2692; x_wconf 80' lang='grc' dir='ltr'><strong><em>μεσημβρίζω</em></strong></span> <span class='ocrx_word' id='word_1_266' title='bbox 625 2644 671 2680; x_wconf 86' lang='lat' dir='ltr'><strong>X.</strong></span> <span class='ocrx_word' id='word_1_267' title='bbox 699 2642 773 2678; x_wconf 72' lang='lat'>142.</span> <span class='ocrx_word' id='word_1_268' title='bbox 798 2642 879 2679; x_wconf 86' lang='lat' dir='ltr'><strong>XII.</strong></span> <span class='ocrx_word' id='word_1_269' title='bbox 905 2642 984 2678; x_wconf 79' lang='lat'>285.</span> <span class='ocrx_word' id='word_1_270' title='bbox 1009 2641 1092 2677; x_wconf 88' lang='lat' dir='ltr'><strong>XV.</strong></span> <span class='ocrx_word' id='word_1_271' title='bbox 1115 2642 1190 2679; x_wconf 83' lang='lat'>191.</span> <span class='ocrx_word' id='word_1_272' title='bbox 1215 2642 1352 2678; x_wconf 83' lang='lat' dir='ltr'><strong>XXIX.</strong></span> <span class='ocrx_word' id='word_1_273' title='bbox 1370 2643 1448 2678; x_wconf 86' lang='lat'>301.</span> <span class='ocrx_word' id='word_1_274' title='bbox 1473 2649 1512 2679; x_wconf 78' lang='lat' dir='ltr'><strong>ut</strong></span> <span class='ocrx_word' id='word_1_275' title='bbox 1534 2643 1570 2678; x_wconf 77' lang='lat' dir='ltr'><strong>in</strong></span> <span class='ocrx_word' id='word_1_276' title='bbox 1594 2655 1704 2690; x_wconf 75' lang='lat' dir='ltr'><strong>prosa</strong></span> 
     </span>
     <span class='ocr_line' id='line_1_38' title="bbox 237 2697 1255 2748; baseline -0.002 -12"><span class='ocrx_word' id='word_1_277' title='bbox 237 2702 375 2746; x_wconf 85' lang='lat' dir='ltr'><strong>dicitur,</strong></span> <span class='ocrx_word' id='word_1_278' title='bbox 403 2713 581 2747; x_wconf 80' lang='lat' dir='ltr'><strong>nunquam</strong></span> <span class='ocrx_word' id='word_1_279' title='bbox 609 2697 843 2748; x_wconf 83' lang='grc' dir='ltr'><strong><em>μεσημβριόω</em></strong></span> <span class='ocrx_word' id='word_1_280' title='bbox 868 2700 1030 2747; x_wconf 81' lang='lat' dir='ltr'><strong>quamvis</strong></span> <span class='ocrx_word' id='word_1_281' title='bbox 1054 2699 1255 2734; x_wconf 87' lang='lat' dir='ltr'><strong>volubilius.</strong></span> 
     </span>
    </p>

    <p class='ocr_par' dir='ltr' id='par_1_6' title="bbox 237 2756 1703 2861">
     <span class='ocr_line' id='line_1_39' title="bbox 332 2756 1703 2804; baseline 0 -12"><span class='ocrx_word' id='word_1_282' title='bbox 332 2758 388 2801; x_wconf 90' lang='grc'><strong>16)</strong></span> <span class='ocrx_word' id='word_1_283' title='bbox 420 2761 661 2802; x_wconf 81' lang='grc' dir='ltr'><strong><em>Βασανίζειν,</em></strong></span> <span class='ocrx_word' id='word_1_284' title='bbox 694 2759 900 2804; x_wconf 77' lang='grc' dir='ltr'><strong><em>ξυλίζομαι,</em></strong></span> <span class='ocrx_word' id='word_1_285' title='bbox 934 2757 1176 2803; x_wconf 79' lang='grc' dir='ltr'><strong><em>κιναιδίζομαι</em></strong></span> <span class='ocrx_word' id='word_1_286' title='bbox 1202 2757 1343 2793; x_wconf 86' lang='lat' dir='ltr'><strong>testium</strong></span> <span class='ocrx_word' id='word_1_287' title='bbox 1369 2756 1579 2803; x_wconf 74' lang='lat' dir='ltr'><strong>antiquitate</strong></span> <span class='ocrx_word' id='word_1_288' title='bbox 1600 2767 1703 2804; x_wconf 85' lang='lat' dir='ltr'><strong>prae·</strong></span> 
     </span>
     <span class='ocr_line' id='line_1_40' title="bbox 237 2815 497 2861; baseline -0.004 -10"><span class='ocrx_word' id='word_1_289' title='bbox 237 2815 361 2851; x_wconf 83' lang='lat' dir='ltr'><strong>valent</strong></span> <span class='ocrx_word' id='word_1_290' title='bbox 388 2815 497 2861; x_wconf 85' lang='lat' dir='ltr'><strong>puris.</strong></span> 
     </span>
    </p>
   </div>
  </div>
 </body>
</html>
