1728 3120
228 208 326 255 338
671 199 1137 245 DISSERTATIO
1181 200 1280 245 XX.

230 317 406 373 σαρκῶν
431 309 477 356 τ’
511 312 676 357 ἐνοπὰν
705 309 782 370 ἧδ’
817 309 985 358 ὀστέων
1009 312 1250 369 στεναγμὸν
1267 313 1406 371 βαρὺν
1427 309 1558 371 εἶδον,
1585 318 1701 373 οιῇηςι

230 384 314 428 loci
347 381 551 437 scriptura
569 393 652 422 non
682 392 853 436 prorsus
885 380 1101 437 explorata
1131 387 1206 424 est.
1265 379 1352 425 Sed
1373 382 1409 424 si
1441 383 1500 426 ita
1524 385 1700 441 scripsit,

229 449 399 495 verbum
428 447 480 490 ab
512 446 711 503 adspectu
729 447 853 489 traxit
880 453 1076 504 tanquam
1096 461 1121 491 a
1139 449 1338 505 primaria
1367 450 1543 493 actionis
1561 457 1700 508 parte:

231 517 316 562 vidi
349 528 471 572 quum
497 513 700 556 Hercules
731 526 879 557 carnes
910 513 1029 557 bovis
1061 521 1101 557 et
1135 528 1237 558 ossa
1265 514 1702 561 stridentia'frendemz

232 584 509 640 gluttiensque
531 587 774 624 contereret.
831 579 879 623 ln
907 581 1105 637 plurimos
1125 581 1244 626 locos
1275 583 1466 627 convenit
1490 583 1601 640 quod
1617 582 1702 627 Do·-

230 657 352 694 natus
384 649 482 692 dicit
515 648 568 690 ad
598 646 781 691 Eunuch.
807 646 877 690 111.
904 649 944 699 2,
975 649 1012 690 l.
1044 661 1182 692 omnes
1211 661 1354 693 sensus
1385 651 1480 692 visa
1508 650 1705 693 dicuntur

233 720 283 761 ab
314 730 361 759 eo
392 718 464 770 qui
493 722 551 758 est
571 716 836 758 certissimus.
892 713 1034 772 ltaque
1054 715 1096 758 fit
1115 722 1156 758 ut
1184 729 1266 767 res,
1296 729 1402 773 quae
1430 722 1542 759 tactu
1561 717 1706 772 cogni.-

233 793 300 829 tae
332 789 446 833 sunt,
488 782 602 824 cerni
644 781 854 833 dicantur,
893 781 969 825 ἐὰν
1003 780 1286 840 προςαγάγῃς
1323 783 1389 840 τῷ
1426 781 1591 840 στέρνῳ
1629 780 1706 840 τὴν

231 854 378 906 χεῖρα,
418 847 467 891 τὸ
510 847 696 905 πήδημα
733 849 813 904 τῆς
850 848 1034 905 καρδίας
1071 844 1182 904 ὄψει
1212 848 1420 892 Aristaen.
1449 848 1501 892 Il.
1526 847 1601 906 Ep.
1630 847 1706 892 xi,

235 917 330 961 150.
371 915 642 970 similiterque
677 913 950 971 Hippocrates
990 915 1040 958 de
1084 913 1175 958 Nat.
1211 914 1315 959 Mul.
1346 914 1442 959 534.
1481 914 1532 960 Τ.
1565 914 1616 958 II.
1654 912 1710 974 {7³1¹>

235 984 350 1042 ἅψῃ,
380 979 502 1039 ὄψει,
530 980 724 1023 Muliebr.
742 980 903 1024 11.836.
927 980 978 1024 T.
996 980 1048 1025 Il.
1081 979 1132 1039 ἢν
1162 979 1375 1040 ἐπαφήσῃ
1403 984 1466 1040 τῷ
1493 980 1709 1040 δακτύλῳ.

234 1047 344 1107 ὄψει
374 1046 582 1104 σκληρόν,
619 1049 688 1102 qui
726 1047 827 1090 alibi
856 1047 985 1091 verbo
1024 1050 1156 1091 minus
1190 1048 1372 1092 discordi
1402 1061 1503 1092 usus
1532 1054 1626 1096 est.
1655 1045 1709 1106 ἢν

235 1116 337 1174 ἅψῃ
366 1117 431 1172 τῷ
461 1111 681 1170 δακτύλῳ,
714 1109 915 1170 εὑρήσεις
945 1115 1121 1171 κεχηνὸς
1149 1116 1197 1157 τὸ
1229 1112 1372 1167 στόμα
1402 1115 1453 1158 de
1481 1113 1574 1158 Nat.
1603 1114 1710 1158 Mul.

234 1198 274 1241 p.
301 1181 397 1225 542.
422 1182 488 1231 ¹⁵)
545 1178 596 1222 Et
627 1193 733 1236 quae
768 1179 936 1223 auribus
965 1183 1267 1237 percipiuntur:
1309 1178 1376 1224 ἰδὲ
1410 1179 1534 1233 μάλα
1570 1181 1709 1238 μέγας

237 1244 402 1297 κτύπος
440 1245 667 1301 ἑρείπεται
705 1243 807 1288 Oed.
848 1244 936 1289 Col.
972 1246 1094 1289 1463.
1135 1249 1226 1290 loca
1263 1249 1351 1291 vidi
1387 1249 1556 1291 reddere
1591 1261 1709 1291 voces

235 1315 402 1359 Lucret.
431 1311 498 1354 IV.
532 1311 627 1354 581.
668 1314 829 1366 muqire
860 1314 1014 1355 videbis
1053 1321 1210 1356 terram
1247 1321 1284 1356 et
1314 1315 1551 1358 descendere
1586 1327 1711 1358 mon«.

236 1385 344 1427 tibus
375 1392 503 1423 ornos
531 1377 646 1434 Virg.
679 1378 783 1421 Aen.
805 1377 872 1420 IV.
891 1378 988 1421 491.
1022 1393 1252 1435 quanquam
1282 1380 1350 1423 hic
1380 1381 1504 1423 etiam
1533 1393 1710 1436 zeugma

235 1447 465 1493 intercedit.
523 1444 610 1489 Nec
639 1452 777 1488 tamen
801 1447 941 1488 omnia
968 1446 1099 1489 verba
1122 1447 1291 1490 videndi
1315 1447 1462 1490 eodem
1485 1448 1578 1503 jure
1602 1455 1709 1499 sunt,

236 1518 523 1568 acrioremque
553 1512 768 1555 abusionis
807 1525 974 1555 sensum
1009 1513 1182 1569 praebet
1217 1515 1423 1557 θεᾶσθαι
1453 1514 1507 1557 ad
1539 1514 1712 1558 odorent

234 1581 479 1626 translatum
510 1591 536 1622 a
565 1577 790 1622 Theocrito
816 1578 846 1621 Ι.
878 1578 972 1621 149.
1003 1582 1147 1623 θᾶσαι
1178 1576 1239 1631 ὡς
1270 1578 1404 1623 καλὸν
1428 1576 1546 1634 istst,
1586 1588 1626 1624 et
1655 1581 1711 1625 ad

237 1649 419 1694 auditum
445 1646 514 1690 vel
540 1645 791 1688 intellectum
810 1644 884 1687 XI.
903 1645 971 1688 41.
991 1649 1137 1690 θᾶσαι
1166 1644 1221 1688 τὰ
1248 1648 1327 1690 τοῦ
1355 1644 1487 1690 θείου
1504 1647 1711 1705 ·Λιτυέρ·«

235 1731 331 1767 σου,
362 1713 436 1757 sed
463 1720 602 1756 tamen
632 1712 798 1755 defendi
821 1718 956 1769 potest
985 1713 1250 1756 similitudine
1280 1715 1612 1769 imperativorum
1639 1712 1714 1759 {¹6³2

237 1790 278 1825 et
307 1780 404 1838 ὅρα,
436 1780 585 1836 quibus
612 1781 736 1822 etiam
765 1781 883 1823 coeci
913 1779 1213 1837 compellantur
1241 1780 1341 1823 Oed.
1372 1779 1418 1823 G.
1439 1779 1562 1823 1685.
1584 1779 1722 1832 1694.

236 1861 319 1905 qua
348 1848 509 1890 ratione
542 1853 656 1890 caret
684 1846 787 1889 illud
823 1860 845 1889 e
875 1845 1085 1890 Nicandro
1117 1847 1288 1890 allatum
1325 1843 1524 1903 ἀθρῆσαι
1554 1844 1705 1904 αὐδήνι

233 1914 323 1958 Nec
351 1927 448 1957 raro
477 1919 626 1970 poetae
645 1913 816 1956 verbum
845 1913 1026 1968 dirigunt
1053 1913 1108 1956 ad
1137 1914 1424 1957 antecedentia
1447 1920 1489 1957 et
1517 1913 1728 1970 adjuncti

233 1988 276 2024 ut
307 1980 496 2036 Orpheus
519 1978 628 2021 Lith.
650 1975 745 2021 699.
773 1979 824 2021 de
851 1979 1109 2036 serpentibus
1139 1980 1314 2037 loquens
1343 1981 1411 2037 qui
1442 1980 1569 2024 odore
1600 1975 1728 2038 lapir}

235 2047 300 2090 dis
329 2046 543 2101 cujusdam
573 2044 696 2087 suffiti
723 2044 962 2087 alliciuntur
979 2042 1105 2103 x‹iciusy
1134 2048 1211 2102 τὴν
1240 2042 1331 2100 ἄρα
1361 2049 1500 2089 κεῖνοι
1529 2043 1709 2104 ἇνερχο·

232 2113 364 2169 μένην
394 2107 895 2168 ἒςορῶντες-ῥώονται
920 2110 1242 2168 ἐφερπύζοντες
1271 2108 1451 2169 ἆϋτμήν,
1483 2125 1574 2155 cum
1603 2126 1713 2157 voce:

233 2177 349 2236 ὀδμή
367 2176 674 2235 comprehendit
702 2177 910 2220 notionem
939 2177 1052 2228 fumi,
1083 2178 1298 2235 solumque
1326 2178 1407 2222 hoc
1430 2179 1621 2223 mirabile
1643 2186 1709 2224 est

233 2245 438 2303 quomodo
463 2250 676 2300 serpentes
707 2243 818 2287 fumo
837 2243 992 2287 alicubi
1022 2251 1246 2301 conspecto
1276 2246 1386 2288 scire
1417 2247 1580 2302 possint
1604 2247 1728 2291 odo-¹

232 2326 319 2356 rem
354 2312 436 2355 sibi
468 2324 639 2354 suavem
668 2312 916 2355 exoriturum
947 2323 1056 2355 esse.
1116 2309 1264 2354 Simile
1285 2318 1349 2355 est
1369 2311 1579 2370 Aristoph.
1600 2314 1706 2364 sz„

233 2379 356 2423 1710.
387 2375 502 2435 ὀσμὴ
532 2374 579 2420 6³
613 2373 923 2431 ἀνωνόμαστος
948 2375 993 2427 ἐς
1019 2375 1168 2433 βάθος
1187 2374 1347 2421 κύκλου
1369 2378 1436 2431 ¹⁶)
1460 2383 1599 2438 χωρεῖ
1628 2394 1706 2423 atad

232 2446 311 2490 λὸν
345 2445 520 2500 θέαμα,
564 2444 673 2501 quod
713 2444 767 2487 ad
811 2443 981 2487 schema
1019 2442 1136 2501 πρὸς
1175 2443 1225 2487 τὸ
1269 2442 1521 2505 συνώνυμον
1557 2443 1707 2491 referri

1691 2523 1706 2553 ἵι

323 2606 380 2650 15)
409 2604 625 2653 Specillum
648 2609 801 2639 vocatur
823 2604 1091 2638 instrumentum
1115 2612 1186 2647 quo
1212 2602 1368 2650 chirurgi
1394 2603 1587 2650 explorant
1609 2593 1707 2651 quae'

232 2663 445 2708 conspicere
468 2672 542 2696 non
568 2666 729 2706 possunt,
755 2671 885 2706 graece
910 2659 1126 2707 Κάτοπτρον
1147 2657 1169 2701 ἡ
1195 2660 1378 2707 μηλωτρίς
1398 2658 1575 2696 Erotium*
1587 2660 1665 2698 234

320 2728 377 2773 16)
411 2728 619 2769 Schol.613
650 2727 688 2765 τὸ
727 2726 824 2774 ὕψος
859 2729 922 2763 τοῦ
957 2726 1127 2775 οὐρανοῦ.
1185 2726 1246 2761 Sic
1281 2726 1368 2764 Eur.
1405 2723 1707 2771 Μθᾶ.1294.ἔξ

229 2781 343 2827 βάθος
367 2786 522 2831 αἰθέρος.
1617 2811 1619 2813 .
