1728 3120
246 184 344 229 254
677 173 1140 218 DlSSERTATlO
1183 174 1292 219 XVI.

242 289 459 332 Philoxeni
489 286 756 340 conjectatio,
793 286 830 327 si
862 298 946 328 non
975 289 1139 330 omnino
1175 287 1255 331 hoc
1283 300 1416 343 genus
1445 289 1717 334 divinationis¹⁴

244 365 525 411 aspernamur,
553 352 662 394 haud
680 351 916 394 damnanda
932 352 1113 405 videtum
1133 353 1170 408 ι>
1195 352 1293 407 χειά
1315 351 1406 399 ἀπὸ
1430 357 1512 400 τοῦ
1535 359 1717 412 χεῖσθαι

243 421 291 464 τὸ
321 420 521 475 χωρῆσαι
551 417 693 461 Schol.
722 417 770 460 Il.
799 416 938 461 XXII.
967 420 1034 462 93.
1058 421 1100 472 ²)
1139 420 1248 476 quod
1277 419 1479 465 Lehr'sius
1509 421 1560 466 de
1585 422 1719 470 Arist<

242 502 280 544 p.
298 485 393 529 146.
423 486 531 527 inter
556 484 789 527 Aristarchi.
816 485 1050 541 periculose
1072 486 1183 529 dieta
1212 487 1350 531 refert.
1407 487 1557 532 Verum
1578 495 1687 532 tame
1708 536 1719 545 J,

243 551 423 610 Προχέα
463 547 488 607 ἦ
528 548 761 607 πρόφασις
787 550 886 594 Hes.
919 551 1030 595 haud
1071 553 1197 596 facile
1229 561 1293 597 est
1330 554 1497 598 aliunde
1529 547 1719 612 repetere‘

243 633 366 677 quam
395 630 652 672 synonymon
682 614 879 674 προχάνη
908 617 988 662 hoc
1017 626 1080 662 est
1111 633 1138 662 a
1167 619 1343 664 themate
1374 633 1402 664 a
1429 634 1510 680 quo
1539 619 1647 676 χάος
1676 634 1696 664 e

239 684 389 740 χάσκω
419 683 585 739 aliaque
607 682 749 726 hiandi
780 690 820 726 et
836 685 1014 728 vacandi
1036 686 1243 730 vocabula
1272 694 1364 731 orta
1383 694 1476 732 sunt
1499 701 1538 732 v.
1555 687 1668 732 Diss.
1683 687 1721 732 Ia

242 755 277 810 ξ.
300 753 339 794 1.
384 750 457 794 Sic
484 752 609 815 etiam
642 746 733 793 ἀπὸ
770 752 848 792 τοῦ
865 752 979 808 χρέιο
1013 750 1177 806 γίνεται
1203 753 1312 810 χρέα
1338 753 1413 798 καὶ
1436 753 1564 810 χρεία
1582 755 1716 798 πλεο-

241 823 395 877 νασμῷ
424 822 504 862 τοῦ
535 837 552 863 ι
582 817 640 870 ὡς
665 818 794 875 χρέος
824 818 899 862 καὶ
928 824 1076 877 χρεῖος
1103 820 1196 865 ΕΜ.
1217 821 1314 874 814,
1343 822 1411 866 28.
1440 836 1519 867 nec
1548 823 1719 880 impedit

243 885 562 930 Choeroboscus
605 885 740 928 Cram.
769 884 820 926 II.
849 886 945 929 227.
988 884 1116 943 χρεία
1156 887 1282 945 παρὰ
1333 888 1382 932 τὸ
1422 888 1573 947 χρέος,
1619 902 1716 933 nam

241 960 476 998 neutrorum
506 966 689 1009 quoque,
726 960 770 994 ut
798 959 945 1008 postea
975 953 1341 1007 demonstrabitur,
1369 957 1490 1012 origo
1516 955 1699 1000 verbalis

228 1018 405 1064 3Ένόεια
436 1019 488 1062 ab
528 1016 677 1075 ἐνδεής
715 1019 940 1062 derivatum
971 1027 1035 1063 est
1072 1027 1114 1063 ut
1152 1017 1333 1079 εὐκλεής
1371 1018 1571 1072 εὔκλεια,
1608 1020 1722 1079 (μοι

239 1086 336 1130 ΕΜ.
369 1100 461 1130 cum
490 1086 564 1129 illo
598 1086 817 1136 contendit,
847 1086 922 1128 sed
955 1099 980 1129 a
1008 1086 1136 1130 verbo
1167 1087 1252 1131 δέω
1283 1087 1458 1146 simplex
1488 1086 1588 1132 δεία
1615 1090 1644 1131 i.
1675 1100 1724 1146 qq

243 1153 400 1202 ἔνδεια,
431 1159 471 1196 et
500 1153 608 1209 quod
642 1151 909 1196 Grammatici
937 1152 1032 1196 huic
1063 1153 1287 1209 adJungere
1312 1155 1449 1198 solent
1477 1153 1574 1200 λεία
1604 1155 1696 1198 dori

239 1233 411 1277 cumque
455 1218 619 1274 λαία3)
662 1220 797 1274 vergit
839 1220 882 1261 in
922 1221 1116 1263 viciniam
1156 1220 1274 1264 verbi
1275 1219 1412 1286 -λάω
1455 1219 1723 1277 (λαμβάνω)·

239 1289 484 1345 Plerumque
520 1295 658 1331 tamen
687 1287 851 1344 epsilon
885 1294 1179 1332 transmutatur
1205 1289 1248 1332 in
1282 1306 1327 1340 ο,
1359 1287 1464 1348 ροή,
1501 1287 1606 1348 χοή,
1644 1291 1724 1336 vel

239 1362 283 1403 in
313 1376 379 1407 οι,
410 1374 565 1414 πνοιη,
596 1369 674 1400 nec
705 1369 805 1400 vero
836 1357 879 1399 in
909 1375 943 1400 ω
977 1364 1020 1400 ut
1049 1360 1092 1400 in
1120 1357 1214 1401 EM.
1228 1358 1312 1410 26,
1339 1358 1406 1401 19.
1439 1358 1590 1402 dicitur
1619 1347 1728 1405 &mil

238 1428 319 1470 τοῦ
352 1425 412 1478 ζω
445 1421 530 1480 ζωή
564 1419 625 1474 (ὃς
656 1420 709 1466 ἰῶ
740 1424 842 1477 (scr.
870 1421 938 1475 ἰῶ)
970 1421 1072 1481 ἰωή,
1104 1422 1130 1481 ἦ
1162 1425 1475 1480 ἐκπεμπομένη
1498 1422 1611 1482 βοή,
1640 1426 1728 1469 θῶ

238 1493 287 1536 τὸ
316 1488 578 1544 καταβάλλω
606 1487 708 1545 θωή
737 1486 762 1547 ἦ
798 1488 951 1545 ζημία,
986 1504 1083 1534 nam
1112 1488 1197 1548 ἰωή
1226 1493 1623 1548 onomatopoeticum
1653 1498 1722 1536 est

238 1566 282 1602 ut
309 1556 360 1602 ’ἴα
389 1557 557 1607 clamor,
587 1569 720 1612 neque
750 1569 801 1599 ex
818 1556 1028 1601 homerico
1056 1558 1152 1602 loco
1182 1557 1255 1602 σοὶ
1280 1557 1407 1616 θωὴν
1434 1557 1712 1615 ἐπιθήσομαι

239 1624 398 1682 liquido
429 1629 598 1680 apparet
626 1636 777 1666 nomen
802 1623 963 1666 ductum
995 1637 1091 1668 esse
1122 1621 1212 1668 ἀπὸ
1243 1627 1324 1669 τοῦ
1355 1625 1540 1674 θέσθαι,
1568 1631 1611 1668 ιιι
1631 1623 1715 1668 Eu-

241 1691 415 1736 stathius
445 1696 587 1733 censet
604 1688 726 1740 1441,
745 1689 812 1732 36.
843 1697 1006 1746 poetam
1038 1692 1414 1748 παρετυμολογεῖν
1440 1697 1568 1735 ratus.
1609 1690 1716 1734 Ver-

239 1760 384 1802 borum
412 1759 544 1814 quarti
578 1756 736 1799 ordinis
767 1757 881 1810 (nam
900 1760 1043 1800 tertius
1064 1760 1204 1811 vacat)
1236 1757 1316 1802 duo
1335 1758 1457 1802 modo
1476 1758 1711 1802 nominibus

239 1824 443 1881 fingendis
474 1824 690 1865 materiam
719 1823 948 1880 praebuere
969 1823 1065 1880 ψίω
1095 1822 1185 1880 ψιά
1216 1821 1242 1882 ἦ
1271 1827 1430 1882 ψῆφος
1456 1823 1554 1868 Sch.
1571 1825 1712 1882 Apoll.

237 1892 287 1934 ΙΙ.
310 1891 432 1934 1172.
462 1897 505 1932 ut
535 1903 562 1932 a
590 1888 697 1944 ψάω
726 1892 897 1946 ψῆφος,
928 1890 1008 1934 olco
1025 1889 1209 1935 Δεὸείαι
1240 1892 1401 1935 δειλίαι
1419 1891 1576 1946 Hes.⁴)
1604 1892 1714 1949 quod

242 1949 396 2001 ὄεὸίαι
420 1956 682 1999 scribendum
712 1963 775 1998 est
805 1963 845 1998 ut
881 1950 1024 2000 δειδία
1061 1955 1139 2008 νύξ
1175 1957 1331 2001 σκοτία
1360 1957 1476 2001 Suid.
1507 1958 1632 2016 παρὰ
1662 1956 1712 2002 τὸ

241 2020 382 2066 δεινόν
409 2021 523 2063 Eust.
557 2022 679 2072 1724,
710 2022 747 2063 l.
779 2035 829 2064 ac
861 2025 898 2064 si
926 2036 1066 2065 verum
1100 2030 1163 2066 est
1191 2036 1341 2066 nomen
1374 2021 1518 2082 ἡμέρα
1547 2026 1711 2082 proprie

239 2088 446 2145 placidam
487 2088 724 2142 significare
765 2102 802 2131 v.
839 2088 995 2131 Parall.
1025 2088 1121 2132 359.
1165 2096 1205 2132 et
1239 2102 1361 2133 mane
1396 2090 1569 2142 honum,
1610 2104 1710 2135 eon-

240 2161 481 2198 sentaneum
521 2154 684 2196 videtur
718 2160 879 2197 noctem
918 2156 1203 2212 intempestam
1242 2155 1294 2199 ab
1333 2156 1505 2200 horrore
1542 2157 1712 2200 δειδίαν

328 2303 363 2346 l)
396 2302 505 2341 Quod
532 2301 634 2337 addit
661 2303 721 2347 μῶ
747 2306 864 2348 μαῖα,
898 2302 967 2337 hoc
999 2313 1131 2338 nomen
1156 2303 1319 2338 naturale
1351 2302 1494 2339 videtur
1526 2308 1565 2338 ut
1594 2305 1650 2350 μᾶ
1673 2309 1710 2340 et

234 2358 382 2408 μάμμη·

325 2415 362 2459 2)
398 2414 505 2453 Quae
525 2420 722 2459 sequuntur
740 2413 856 2450 verba
881 2415 931 2454 εἰς
954 2413 1064 2454 αὐτὰς
1084 2413 1157 2461 γὰρ
1172 2416 1408 2461 μηχανῶνται
1433 2420 1500 2451 etc.
1525 2414 1707 2460 aliquanto

235 2471 370 2506 rectius
401 2471 537 2516 scripta
561 2476 644 2506 sunt
668 2471 704 2506 in
726 2470 816 2506 ΕΜ.
839 2470 925 2514 809,
950 2470 1007 2507 52,
1056 2471 1276 2518 Paragogon
1296 2468 1451 2520 χηραμά
1474 2470 1598 2507 Schol.
1623 2470 1706 2507 Nic.

235 2527 302 2562 Th.
328 2527 384 2564 55.
413 2527 542 2562 eodem
569 2527 677 2562 modo
705 2527 861 2577 explicat
894 2526 995 2574 παρὰ
1021 2526 1060 2563 τὸ
1091 2532 1243 2573 χεῖσθαι
1266 2531 1328 2563 καὶ
1344 2531 1552 2576 χωρεῖσθαι
1575 2527 1615 2563 ἐν
1639 2525 1707 2562 αὐ-

279 2599 288 2619 l
312 2610 319 2618 .

235 2597 274 2620 το
295 2598 361 2684 ς3)
395 2639 591 2685 Utriusque
626 2639 821 2675 similitudo
851 2645 1053 2685 suspectam
1084 2639 1202 2674 reddit
1235 2639 1405 2686 Hesychii
1437 2639 1594 2687 glossam
1624 2638 1707 2675 Ἐπὶ

234 2698 321 2732 Mau
348 2697 409 2731 ἐπὶ
432 2699 621 2745 λῃστείαν,
646 2697 713 2732 sed
738 2697 919 2731 literarum
943 2696 1059 2731 series
1084 2701 1211 2731 tuetur.

324 2754 360 2794 4)
393 2752 533 2787 Durum
556 2753 652 2788 foret
679 2753 863 2799 corrigere
889 2753 986 2788 δέδιε
1011 2753 1136 2797 δειλιᾷ.
