1728 3120
235 188 330 235 198
664 177 1135 222 DISSERTATIO
1180 177 1274 222 XII.

232 296 300 340 Ab
331 293 546 348 adjectivis
571 289 828 348 κιβδηλεύω,
857 288 1079 344 πτωχεύω,
1107 288 1334 334 τιθασεύω
1354 297 1393 334 et
1410 291 1676 349 pamsynthet

234 356 535 414 ἶδιοβουλεύω,
567 354 959 412 κακοβουλεύομαι,
988 354 1436 414 φιλανθρωπεύομαι,
1465 357 1612 415 quibus
1631 351 1685 404 au.

235 434 370 470 ctores
399 424 681 481 probatissimi
714 430 889 466 utuntur.
949 422 1036 466 Sed
1061 423 1229 466 verbum
1255 421 1602 481 βδελυρεύεσθαι
1632 425 1700 469 Li'

233 493 360 536 banio
379 492 550 546 Argum.
577 492 621 533 iu
641 489 757 533 Dem.
781 488 852 532 Or.
882 489 932 532 de
951 488 1076 533 Foed.
1095 489 1216 532 Alex.
1246 502 1284 546 p.
1299 488 1396 532 211.
1427 492 1679 548 suspicionei

234 559 375 614 injecit
402 558 510 601 hanc
545 560 773 601 orationem
800 570 884 599 non
912 555 1204 600 Demosthenis
1236 569 1332 599 esse
1369 557 1444 600 sed
1470 556 1695 615 Hyperidis

234 627 303 682 qui
334 626 458 668 etiam
485 622 799 681 νωθρεύεσθαι
829 624 994 667 admisit
1020 623 1293 680 improbatum
1320 622 1482 668 Polluci
1509 623 1583 667 IX.
1613 627 1696 671 135⁷

234 691 347 735 Idem
376 691 524 734 Pollux
556 686 1006 747 ἇπανθρωπεύεσθαι
1034 691 1168 745 rejicit
1186 688 1236 732 II.
1265 689 1304 732 5.
1333 689 1590 746 Phrynichus
1618 691 1692 738 Ec]

234 758 331 802 386.
365 756 646 815 χρησιμεύειν
686 764 725 799 et
765 756 1132 814 φρονιμεύεσθαι.
1200 757 1301 799 Alia
1341 764 1534 815 suspecta
1576 760 1692 803 reddi

235 824 479 881 ignobilitas
504 830 736 866 auctorum:
770 819 1104 867 ἇπαιὸευτεύειν
1118 822 1312 880 Apollon.
1330 824 1380 867 de
1397 822 1515 880 Gonj.
1528 825 1623 877 561,
1641 826 1696 870 l&

236 893 396 945 (omiss.
427 892 469 933 in
499 890 646 941 Thes.)
677 886 1042 947 ἆπληστεύεσθαι
1072 888 1169 932 Sch.
1199 890 1316 934 Pind.
1346 888 1412 933 01.
1437 890 1505 934 vl.
1534 891 1601 936 78.
1633 909 1686 937 κα

235 956 486 1015 θαριεύειν,
525 954 818 1012 μεγιστεύειν,
862 954 1168 1006 ὄολιεύεσθαι,
1213 954 1532 1011 ἲταμεύεσθαι,
1575 959 1693 1015 θηλυ

237 1021 472 1074 κεύεσθαι,
502 1020 831 1080 ψυχρεύεσθαι,
864 1022 1011 1078 quibus
1042 1023 1198 1066 similia
1228 1023 1344 1066 attuli
1379 1023 1432 1067 ad
1462 1023 1612 1080 Phryn.
1643 1027 1711 1071 67.

236 1087 621 1144 Συνωρικεύεσθαι
660 1089 963 1145 Aristophanes
997 1089 1110 1132 finxit
1140 1090 1192 1132 ab
1235 1090 1437 1145 adJectivo
1470 1090 1687 1149 συνωρικό

236 1159 341 1203 Ρο11.
374 1157 459 1202 Vll.
484 1158 581 1201 205.
611 1159 755 1215 qualia
785 1158 913 1201 multa
939 1157 991 1201 ab
1023 1159 1239 1214 adjectivis
1267 1160 1310 1201 in
1345 1175 1440 1211 ικος
1466 1164 1713 1218 propagavit

235 1227 415 1270 novitius
454 1238 612 1268 sermo:
659 1222 1091 1275 ὄιαλεκτικεύεσθαι,
1130 1222 1551 1282 διαφυσικεύεσθαι,
1593 1228 1690 1283 λογι

238 1290 464 1342 nebettam,
492 1288 741 1349 μερικεύειν
771 1299 812 1334 et
836 1291 922 1333 alia
952 1291 1005 1333 ad
1029 1290 1180 1346 Phryn.
1197 1291 1292 1334 764.
1323 1292 1518 1336 indicata.
1539 1319 1595 1327 -—-
1627 1292 1712 1338 De-

239 1360 477 1403 clinationis
502 1359 649 1401 tertiae
669 1365 766 1413 quot
786 1364 878 1400 sunt
906 1358 1051 1408 exitus,
1079 1358 1249 1401 totidem
1266 1358 1354 1402 fere
1373 1366 1466 1402 sunt
1492 1359 1712 1405 verborum

238 1427 394 1470 sontes:
431 1421 646 1475 παιδεύω,
676 1422 865 1480 θητεύω,
895 1421 1107 1479 γοητεύει),
1137 1423 1424 1478 λαμπαδεύω,
1451 1426 1714 1481 χειμαδεύω,

238 1490 458 1549 τερατεύω
475 1488 787 1546 -παγιὸεύιο,
819 1487 1096 1546 σταφιόεύιο,
1125 1489 1402 1544 θεμιστεύω,
1434 1489 1651 1537 εἶλωτεύω
1673 1498 1716 1549 ³)

240 1566 280 1602 et
310 1558 362 1602 ab
394 1560 471 1609 iis,
501 1570 672 1613 quorum
701 1558 907 1611 genitivus
938 1569 1039 1612 pure
1069 1558 1330 1609 terminatur,
1360 1555 1580 1616 λατρεύω,
1608 1577 1716 1614 μαν-

238 1622 373 1675 τεύω,
413 1620 596 1672 ἁλιεύω,
633 1620 879 1678 βασιλεύω,
914 1619 1133 1677 βραβεύω.
1201 1623 1264 1667 Ita
1307 1624 1473 1668 dubium
1507 1625 1551 1668 fit
1583 1633 1716 1671 utrum

240 1688 420 1735 ἱππεύω
450 1696 494 1733 ut
521 1688 617 1732 EM.
649 1690 744 1741 132,
774 1692 816 1731 2.
855 1688 907 1732 ab
938 1685 1083 1741 ἵππος
1121 1689 1349 1734 derivatum
1382 1693 1437 1735 sit
1466 1705 1520 1736 an
1556 1693 1608 1736 ab
1639 1692 1717 1738 in-

239 1754 364 1807 πεύς.
424 1755 512 1800 Sed
549 1752 769 1814 ἆριστεύω
794 1755 1033 1799 Eustathius
1061 1755 1157 1808 655,
1184 1756 1254 1800 48.
1293 1758 1500 1802 recte&
1535 1755 1717 1817 ἄριστος

239 1829 426 1880 repetere
442 1823 617 1874 videtur,
646 1836 781 1879 neque
815 1823 937 1866 aliter
953 1824 1088 1866 sentio
1119 1822 1170 1866 de
1195 1819 1449 1879 ἇγχιστεύω.
1507 1824 1716 1884 Πεπρω-

239 1886 374 1940 τεύω,
405 1886 693 1939 καλλιστεύω,
734 1887 1003 1946 κρατιστεύω
1042 1902 1163 1933 nemo
1193 1889 1364 1934 dubitat.
1418 1890 1486 1935 Ab
1515 1891 1582 1935 his
1609 1905 1717 1949 quae

239 1956 282 1997 in
324 1955 526 2011 duplicem
562 1962 710 1998 exeunt
745 1962 836 1999 orta
877 1962 970 1998 sunt
1007 1954 1232 2010 βλακεύω,
1273 1955 1519 2008 κολακεύω,
1556 1959 1718 2002 σκυλα-

243 2018 369 2069 κεύω,
398 2018 655 2076 θεραπεύω,
685 2020 896 2070 θωπεύω,
927 2019 1128 2077 ῥωπεύω.
1187 2021 1235 2064 In
1253 2036 1404 2078 magno
1425 2038 1596 2069 numero
1619 2025 1719 2068 sub-

243 2089 511 2132 stantivorum
545 2100 652 2143 quae
683 2089 726 2129 in
758 2078 835 2144 373,
865 2079 948 2140 255,
974 2080 1043 2145 η-ρ
1069 2091 1351 2143 terminantur,
1380 2093 1536 2137 nullum
1552 2097 1716 2152 reperio

242 2156 286 2197 in
312 2154 431 2198 verbi
467 2161 657 2196 naturam
699 2167 942 2198 conversum
971 2162 1136 2211 praeter
1171 2157 1280 2211 quod
1310 2157 1615 2218 Glossographi
1653 2162 1718 2205 af-

241 2220 377 2264 ferunt
413 2218 717 2276 Ματηρεύειν,
763 2221 904 2276 ζητεῖν
944 2228 984 2264 et
1023 2224 1221 2266 novitium
1258 2226 1564 2282 βακτηρεύειν,
1608 2228 1718 2284 quod

242 2300 376 2343 neque
404 2300 495 2330 cum
516 2284 709 2343 βάκτρον
731 2294 923 2331 accurate
950 2291 1141 2332 convenit
1168 2303 1246 2333 nec
1263 2303 1353 2334 cum
1380 2293 1611 2351 βακτηρία,
1643 2294 1720 2338 sed

244 2356 426 2412 aliquam
451 2355 579 2398 multa
609 2355 661 2398 ab
695 2373 771 2414 ωρ,
803 2353 1028 2414 ικτορεύω,
1061 2357 1308 2415 ρητορεύω,
1340 2353 1728 2420 αὖτοκρατορεύωῦ

243 2422 284 2466 Α
325 2424 417 2476 πῦρ
456 2420 656 2478 πυρεύω,
700 2422 752 2465 ab
796 2422 986 2466 obsoleto
1024 2421 1149 2477 νύχος
1184 2422 1369 2479 νυχεύω,
1415 2426 1467 2470 ab
1514 2427 1610 2471 aliis
1655 2431 1728 2473 sic*

243 2489 474 2533 terminatis
517 2485 690 2542 ἰχνεύω,
734 2486 930 2546 κηδεύω,
973 2487 1191 2542 σκυτεύω,
1236 2505 1469 2550 quanquam
1511 2493 1591 2538 hoc
1631 2496 1719 2540 alia

335 2579 371 2623 3)
406 2561 565 2615 boetum
599 2580 750 2626 Anglum
789 2582 847 2625 qui
882 2580 1072 2627 genitivum
1108 2582 1286 2619 εἱλωτέων
1319 2595 1376 2630 ap.
1415 2584 1640 2621 Herodotum
1680 2587 1716 2622 in

244 2633 402 2672 εἰλώτων
434 2636 640 2671 mutandum
673 2641 796 2672 censet
834 2637 916 2681 quia
948 2632 1094 2682 εἱλωτης
1125 2638 1318 2675 barbarum
1343 2641 1408 2685 sit,
1442 2640 1654 2678 Dindorfius
1681 2642 1717 2677 in

244 2693 353 2729 Thes.
383 2692 516 2728 refellit
549 2693 725 2738 Stephani
749 2692 842 2738 Byz.
876 2693 1054 2738 exemplo.
1103 2692 1202 2729 Idem
1233 2697 1411 2742 genitivus
1447 2698 1576 2735 tertiae
1610 2698 1718 2737 decli-

245 2750 401 2785 nationis
426 2761 510 2785 esse
534 2754 657 2797 potest
682 2755 718 2786 ut
742 2750 885 2786 ostendi
909 2749 955 2786 ad
977 2748 1113 2787 Buttm.
1134 2749 1210 2787 337.
