1708 3126
440 198 546 242 CAr.
574 197 604 241 1.
664 197 736 240 DE
766 196 966 243 VERBIS
995 194 1168 241 PURIS.
1517 198 1550 245 7

155 341 160 350 ι
198 311 348 359 δύεται
387 310 489 357 Hes.
533 313 651 368 quus
695 318 893 357 accentus
929 313 1073 357 vitium
1116 311 1277 367 arguit,
1325 309 1549 366 corrigitur

213 377 474 437 μνηστεύεις
508 393 562 424 ex
590 377 669 424 Od.
698 378 809 423 XVI.
837 379 937 424 431.
975 379 1051 424 sed
1081 381 1197 422 Μνῶ
1226 375 1409 436 μνήοκω
1437 376 1549 422 Pho-

89 448 120 494 ]
177 453 220 492 et
247 445 405 492 Suidas
425 447 467 502 ⁹)
503 460 741 505 quanquam
775 461 828 493 ne
866 447 947 492 hoc
989 446 1156 504 quidem
1194 446 1444 504 primitivum
1483 452 1550 490 est

171 510 288 569 μάω.
347 515 566 569 Quomodo
606 516 717 560 enim
751 517 970 559 recordari
1005 528 1090 560 non
1119 513 1255 559 solum
1290 526 1366 571 pro
1400 514 1548 557 memi-

122 599 169 621 ιν-
201 583 354 628 dicitur
378 583 456 627 sed
482 585 608 627 etiam
637 597 711 642 pro
741 585 943 639 cogitare,
972 584 1035 627 sic
1064 594 1224 638 graeca
1250 580 1384 624 verba
1410 582 1548 625 notio-

50 663 52 666 ·
100 679 114 688 --
165 651 441 703 recordandi,
480 651 721 709 appetendi,
758 650 968 695 ambiendi
998 651 1107 694 inter
1134 662 1182 693 se
1220 649 1545 693 communicant:

113 716 278 763 νώοντο
295 716 462 776 φόβοιο
489 717 608 762 Hom.
634 721 779 776 φυγῆς
809 717 1050 772 ἐπεμαίετο
1075 715 1198 760 Timo
1215 714 1335 760 Sexti
1364 730 1401 761 c
1418 715 1546 772 Phys.

34 786 177 846 ᾋΒῚ,
206 785 305 829 565.
333 783 542 843 μήστωρε
575 785 742 843 φόβοιο
762 784 882 829 Ηοιιι.
911 781 934 828 ὅ
971 786 1058 827 τῶν
1085 781 1410 840 μηχανημάτων
1437 782 1548 841 μνή-

34 848 37 858 ’
83 869 176 910 -ωρ
204 851 451 908 Anonymus
481 850 642 895 Suidae
682 866 716 896 s.
743 851 784 894 h.
820 865 859 895 v.
889 852 934 895 id
968 857 1032 894 est
1070 848 1348 907 ἐπιστήμων,
1388 857 1432 894 ut
1470 850 1545 894 ille

30 914 36 948 ¹¹
85 922 128 970 Ἰ.
154 919 227 965 vel
259 916 501 976 ἐπιστάτης
529 919 619 963 sive
645 916 928 976 ἐπιμελητής,
959 919 1026 962 cui
1055 930 1317 973 synonymon
1346 924 1411 961 est
1436 915 1548 975 μνή-

40 988 43 989 ’
155 1018 169 1038 ,
207 993 252 1031 ut
285 988 471 1031 omittam
506 987 677 1044 propria
708 983 1022 1044 Ὑπερμήστρα
1059 992 1101 1029 et
1125 982 1475 1043 ‘Ynepumy'ovpa
1501 998 1545 1028 v.

33 1108 35 1114 y
105 1079 118 1089 ιι
137 1053 264 1111 heyk.
303 1053 359 1098 ad
386 1053 541 1098 Anton.
570 1052 666 1097 Lib.
696 1067 733 1098 c.
758 1051 890 1096 XVII.
923 1076 975 1084 —-
1019 1051 1087 1096 Ab
1119 1052 1272 1096 usitato
1305 1051 1398 1095 νάω
1433 1051 1547 1095 deri-

30 1115 62 1141 ⁴⁹
136 1140 138 1157 ι
164 1143 180 1160 ιι
219 1127 286 1166 est
314 1121 485 1178 ναέτωρ
514 1119 770 1181 πολύρῥους
796 1119 897 1164 Hes.
923 1126 963 1164 et
993 1121 1092 1164 alia.
1149 1118 1332 1163 Bibreve
1362 1116 1441 1163 νάε
1469 1132 1544 1177 pro

29 1180 35 1242 {1
89 1217 93 1225 ,
141 1210 145 1215 Α
189 1187 467 1232 substituebat
502 1187 741 1233 Zenodotus
775 1187 822 1231 ll.
860 1186 976 1231 Xlll.
1016 1188 1113 1231 172.
1154 1187 1232 1231 sed
1276 1188 1547 1244 cognoscitur

27 1275 111 1295 ιι
133 1269 178 1300 ιο
206 1268 259 1300 ex
287 1255 510 1300 derivatis:
541 1259 621 1300 τοῦ
644 1254 792 1312 νάσθη
826 1255 876 1300 τὸ
908 1255 1033 1310 θέμα
1058 1252 1153 1299 νάω
1183 1253 1233 1306 ἐξ
1259 1247 1311 1299 οὗ
1340 1253 1417 1298 καὶ
1444 1253 1549 1299 ναέ-

97 1320 381 1375 gEust.971,
409 1322 480 1366 50.
511 1329 552 1367 et
579 1322 765 1367 indidem
794 1325 1003 1382 Νατῆρες
1030 1320 1252 1380 ὑπηρέται
1282 1321 1381 1365 Hes.
1407 1321 1452 1365 id
1481 1327 1548 1365 est

28 1387 33 1412 ³
126 1387 226 1435 ἐται
241 1395 284 1434 ut
307 1402 336 1433 a
357 1387 455 1447 βάω
474 1388 630 1450 βατήρ,
657 1398 698 1435 et
717 1391 960 1435 femininum
978 1389 1200 1448 Ναίτειρα
1224 1386 1549 1433 οἰκοδέσποινα

25 1483 41 1497 ι
80 1456 303 1502 omaedia
317 1456 573 1521 ιιῑειδαίτης
587 1457 865 1515 λαγοδαίτης.
882 1462 948 1512 ¹⁰)
990 1454 1116 1508 Πάω,
1134 1456 1244 1500 unde
1258 1455 1547 1501 nonnulliPa-

39 1524 120 1582 aas
147 1538 302 1571 nomen
329 1525 492 1570 ductum
513 1533 655 1584 putant
674 1526 719 1570 id
750 1534 814 1570 est
828 1527 1011 1584 pastons
1035 1540 1074 1569 v.
1090 1525 1248 1569 Parall.
1271 1523 1362 1567 138.
1394 1523 1546 1567 funda-

43 1595 235 1651 {neutum
264 1599 330 1637 est
357 1593 532 1638 duorum
558 1593 802 1645 verborum,
844 1607 952 1650 quae
983 1593 1187 1650 prosodia
1225 1592 1546 1647 distinguuntur,

25 1658 298 1722 ,φείσασθαι
326 1659 376 1703 τὸ
410 1659 597 1713 ἐσθίειν,
630 1663 697 1704 cui
729 1661 854 1704 affine
885 1667 949 1704 est
984 1673 1196 1715 pappare,
1236 1665 1277 1702 et
1301 1657 1548 1702 πάσασθαι

22 1726 272 1790 ,[ῂοεείἀοτθ
311 1726 421 1771 unde
458 1728 611 1781 πᾶμα,
655 1730 814 1780 πᾶσις,
851 1725 1100 1783 παμπησία
1133 1723 1263 1783 παρὰ
1297 1724 1348 1770 τὸ
1390 1726 1466 1769 mii
1493 1723 1546 1768 τὸ

40 1797 230 1850 κτῶμαι
265 1792 367 1838 Sch.
404 1793 561 1838 Aesch.
600 1793 716 1853 Sept.
735 1795 835 1838 802.
877 1795 930 1838 cs.
963 1792 1124 1851 Parall.
1161 1791 1261 1836 428.
1298 1799 1343 1836 ut
1380 1798 1422 1836 et
1457 1791 1548 1835 alia

23 1861 184 1914 ‘herba
195 1861 400 1920 pascendi
413 1859 578 1917 βόσκω,
606 1862 773 1920 τρέφω,
804 1862 959 1920 φέρβω
977 1874 1062 1904 non
1078 1873 1177 1904 raro
1197 1859 1549 1916 significationem

39 1930 295 1993 possidendi
337 1930 558 1987 accipiunt.
617 1929 759 1973 Πτάω
803 1931 893 1973 sive
933 1927 1105 1978 πταίω,
1148 1927 1258 1970 unde
1303 1926 1548 1971 παπταίνω

40 2002 242 2056 §repetunt
270 1995 371 2042 Sch.
394 1995 442 2040 ll.
465 1995 533 2040 lv.
556 1996 654 2041 200.
681 1999 741 2041 ita
770 1996 955 2041 extabuit
985 2002 1029 2039 ut
1057 2007 1186 2050 aegre
1217 2000 1475 2051 agnoscatur
1502 1994 1547 2035 in

38 2083 478 2114 ss-——-—.-

144 2171 185 2216 9)
218 2170 286 2207 Hic
313 2169 553 2218 repugnantia
575 2169 732 2215 loquitur
755 2168 795 2205 τὸ
818 2170 902 2216 μνῶ
926 2167 994 2204 οὐκ
1018 2167 1095 2203 ἔστι
1124 2163 1432 2213 περισπώμενον·
1459 2163 1548 2200 οὐδὲ

22 2220 129 2279 “wip
154 2229 230 2275 ἔχει
267 2229 471 2265 ἒνιέλειαν·
497 2225 571 2262 ἀλλ’
601 2227 685 2262 ἐπεὶ
717 2223 997 2270 μονοσύλλαβόν
1030 2225 1148 2266 ἔστιν,
1182 2223 1221 2264 ἐξ
1254 2220 1417 2268 ἀνάγκης
1439 2233 1548 2269 περι-

38 2283 211 2331 (enatat,
242 2285 310 2321 sed
339 2284 532 2319 delendum
558 2289 615 2319 est
645 2282 722 2319 οὐκ.
773 2280 894 2319 Mucia,
919 2287 974 2318 est
1005 2278 1043 2318 τό
1067 2282 1226 2326 ἐντελές,
1258 2281 1343 2327 μνῶ
1367 2279 1548 2315 affectum.

36 2342 234 2380 -Areadius
257 2340 394 2388 p.164.
426 2339 465 2376 τὸ
484 2337 585 2385 poda»
609 2339 806 2387 βαρύνεται
839 2341 901 2375 καὶ
925 2335 1038 2375 τᾶλλα
1062 2351 1112 2378 ως
1134 2339 1309 2374 ἐντέλειαι
1338 2349 1413 2372 των
1439 2348 1549 2385 περι-

20 2391 23 2395 Λ
55 2402 268 2447 σπωμένων
297 2404 335 2435 et
358 2408 394 2444 p.
417 2396 492 2433 165.
518 2397 558 2432 αἱ
583 2397 758 2433 ἐντέλειαι
789 2399 864 2433 τῶν
888 2409 974 2443 περι
962 2397 1188 2440 ισπωμένων
1211 2391 1433 2443 βαρύνονται
1449 2406 1548 2440 χρυ-

36 2455 131 2500 ,σόοι
150 2461 221 2492 etc.
268 2455 402 2492 Suidas
423 2454 520 2490 istud
536 2456 621 2500 μνῶ
639 2453 802 2490 fortasse
820 2465 867 2489 ex
884 2453 1123 2500 epimerismis
1145 2452 1272 2488 sumsit
1294 2451 1361 2487 sed
1375 2450 1548 2487 Photium

20 2513 187 2557 'alicubi
209 2512 345 2559 legisse
372 2515 532 2558 oportet.

19 2626 22 2630 Ι
153 2581 212 2627 10)
239 2580 399 2617 Similius
427 2578 594 2624 equidem
628 2589 702 2613 non
727 2578 815 2614 novi
839 2588 883 2612 ac
906 2577 936 2612 si
963 2578 1042 2623 quis
1069 2578 1237 2625 ναέτειρα
1264 2575 1440 2618 suaserit,
1473 2584 1548 2609 non

18 2670 22 2679 .
46 2637 301 2677 dissuadeam.
349 2633 499 2685 Νάερῤα
531 2635 711 2671 δέσποινα
744 2635 923 2670 aeolicum
954 2635 1100 2669 videtur
1130 2644 1199 2679 pro
1234 2630 1363 2679 νάειρα
1393 2631 1500 2676 idque
1524 2642 1548 2664 a.

31 2724 39 2743 -,
57 2692 400 2741 νάωιρτοριιὸσῑιιιιι
423 2703 608 2739 paragoge
630 2692 810 2738 bisyllaba
835 2696 873 2726 ut
896 2689 1039 2737 Δάειρα
1063 2687 1217 2736 δαήμων
1241 2689 1437 2736 ἔμπειρος,
1477 2686 1547 2722 nisi

35 2745 149 2788 {haec
171 2756 230 2787 est
251 2751 406 2787 nominis
437 2749 576 2796 proprii
601 2749 876 2796 interpretatio,
908 2748 964 2784 cui
995 2746 1111 2783 simile
1138 2743 1280 2794 Νάειρα
1308 2756 1344 2781 v.
1370 2743 1545 2790 Prolegg.

19 2848 21 2850 ,
55 2808 139 2847 263.
162 2814 200 2845 et
224 2805 366 2856 ἱλάειρα
389 2806 529 2844 Parall.
553 2805 633 2842 211.
