<?xml version="1.0" encoding="UTF-8"?>
<!DOCTYPE html PUBLIC "-//W3C//DTD XHTML 1.0 Transitional//EN"
    "http://www.w3.org/TR/xhtml1/DTD/xhtml1-transitional.dtd">
<html xmlns="http://www.w3.org/1999/xhtml" xml:lang="en" lang="en">
 <head>
  <title>
</title>
<meta http-equiv="Content-Type" content="text/html;charset=utf-8" />
  <meta name='ocr-system' content='tesseract 3.04.00' />
  <meta name='ocr-capabilities' content='ocr_page ocr_carea ocr_par ocr_line ocrx_word'/>
</head>
<body>
  <div class='ocr_page' id='page_1' title='image "./rhematikonsiveve00lobeuoft_0327.png"; bbox 0 0 1728 3120; ppageno 0'>
   <div class='ocr_carea' id='block_1_1' title="bbox 0 0 98 2842">
    <p class='ocr_par' dir='ltr' id='par_1_1' title="bbox 0 0 98 2842">
     <span class='ocr_line' id='line_1_1' title="bbox 0 0 98 496; baseline 0 -260"><span class='ocrx_word' id='word_1_1' title='bbox 0 0 98 496; x_wconf 95' lang='lat' dir='ltr'><strong>    </strong></span> 
     </span>
     <span class='ocr_line' id='line_1_2' title="bbox 0 496 98 627; baseline 0 -117"><span class='ocrx_word' id='word_1_2' title='bbox 0 496 98 627; x_wconf 95' lang='lat' dir='ltr'><strong>  </strong></span> 
     </span>
     <span class='ocr_line' id='line_1_3' title="bbox 0 627 98 773; baseline 0 2347"><span class='ocrx_word' id='word_1_3' title='bbox 0 627 98 773; x_wconf 95' lang='lat' dir='ltr'><strong> </strong></span> 
     </span>
     <span class='ocr_line' id='line_1_4' title="bbox 0 773 98 1035; baseline 0 -51"><span class='ocrx_word' id='word_1_4' title='bbox 0 773 98 1035; x_wconf 95' lang='lat' dir='ltr'><strong>    </strong></span> 
     </span>
     <span class='ocr_line' id='line_1_5' title="bbox 0 1035 93 1241; baseline 0 -144"><span class='ocrx_word' id='word_1_5' title='bbox 0 1035 93 1241; x_wconf 95' lang='lat' dir='ltr'><strong>    </strong></span> 
     </span>
     <span class='ocr_line' id='line_1_6' title="bbox 0 1241 98 1525; baseline 0 -215"><span class='ocrx_word' id='word_1_6' title='bbox 0 1241 98 1525; x_wconf 95' lang='lat' dir='ltr'><strong>     </strong></span> 
     </span>
     <span class='ocr_line' id='line_1_7' title="bbox 0 1525 98 1778; baseline 0 -52"><span class='ocrx_word' id='word_1_7' title='bbox 0 1525 98 1778; x_wconf 95' lang='lat' dir='ltr'><strong>    </strong></span> 
     </span>
     <span class='ocr_line' id='line_1_8' title="bbox 0 1778 98 2048; baseline 0 0"><span class='ocrx_word' id='word_1_8' title='bbox 0 1778 98 2048; x_wconf 95' lang='lat' dir='ltr'><strong>     </strong></span> 
     </span>
     <span class='ocr_line' id='line_1_9' title="bbox 0 2048 89 2320; baseline 0 -137"><span class='ocrx_word' id='word_1_9' title='bbox 0 2048 89 2320; x_wconf 95' lang='lat' dir='ltr'><strong>      </strong></span> 
     </span>
     <span class='ocr_line' id='line_1_10' title="bbox 0 2606 98 2842; baseline 0 -120"><span class='ocrx_word' id='word_1_10' title='bbox 0 2606 98 2842; x_wconf 95' lang='lat' dir='ltr'><strong>  </strong></span> 
     </span>
    </p>
   </div>
   <div class='ocr_carea' id='block_1_2' title="bbox 190 144 1521 204">
    <p class='ocr_par' dir='ltr' id='par_1_2' title="bbox 190 144 1521 204">
     <span class='ocr_line' id='line_1_11' title="bbox 190 144 1521 204; baseline -0.004 -3"><span class='ocrx_word' id='word_1_11' title='bbox 190 157 236 203; x_wconf 86' lang='lat' dir='ltr'><strong>P.</strong></span> <span class='ocrx_word' id='word_1_12' title='bbox 253 155 322 200; x_wconf 83' lang='lat'><strong>111.</strong></span> <span class='ocrx_word' id='word_1_13' title='bbox 354 155 449 200; x_wconf 82' lang='lat' dir='ltr'><strong>c.1.</strong></span> <span class='ocrx_word' id='word_1_14' title='bbox 494 155 567 198; x_wconf 86' lang='lat' dir='ltr'><strong>DE</strong></span> <span class='ocrx_word' id='word_1_15' title='bbox 597 153 791 199; x_wconf 91' lang='lat' dir='ltr'><strong>NOMlN.</strong></span> <span class='ocrx_word' id='word_1_16' title='bbox 824 153 990 199; x_wconf 80' lang='lat' dir='ltr'><strong>TERT.</strong></span> <span class='ocrx_word' id='word_1_17' title='bbox 1018 152 1179 197; x_wconf 87' lang='lat' dir='ltr'><strong>DECL.</strong></span> <span class='ocrx_word' id='word_1_18' title='bbox 1214 152 1267 196; x_wconf 90' lang='grc' dir='ltr'><strong>ΙΝ</strong></span> <span class='ocrx_word' id='word_1_19' title='bbox 1299 144 1362 204; x_wconf 57' lang='grc' dir='ltr'><strong>ξ.</strong></span> <span class='ocrx_word' id='word_1_20' title='bbox 1422 156 1521 204; x_wconf 85' lang='grc'><strong>309</strong></span> 
     </span>
    </p>
   </div>
   <div class='ocr_carea' id='block_1_3' title="bbox 14 262 1542 2557">
    <p class='ocr_par' dir='ltr' id='par_1_3' title="bbox 14 262 1542 2557">
     <span class='ocr_line' id='line_1_12' title="bbox 68 262 1521 329; baseline -0.005 -12"><span class='ocrx_word' id='word_1_21' title='bbox 68 271 202 317; x_wconf 76' lang='lat' dir='ltr'><strong>rhum</strong></span> <span class='ocrx_word' id='word_1_22' title='bbox 229 269 327 315; x_wconf 85' lang='lat' dir='ltr'><strong>hinc</strong></span> <span class='ocrx_word' id='word_1_23' title='bbox 354 275 647 329; x_wconf 83' lang='lat' dir='ltr'><strong>propagatum,</strong></span> <span class='ocrx_word' id='word_1_24' title='bbox 688 270 796 313; x_wconf 88' lang='lat' dir='ltr'><strong>sicut</strong></span> <span class='ocrx_word' id='word_1_25' title='bbox 824 270 868 312; x_wconf 89' lang='lat' dir='ltr'><strong>in</strong></span> <span class='ocrx_word' id='word_1_26' title='bbox 905 268 1165 324; x_wconf 81' lang='lat' dir='ltr'><strong>longitudine</strong></span> <span class='ocrx_word' id='word_1_27' title='bbox 1194 262 1294 318; x_wconf 80' lang='grc' dir='ltr'><strong>ἶόος</strong></span> <span class='ocrx_word' id='word_1_28' title='bbox 1330 270 1521 324; x_wconf 84' lang='lat' dir='ltr'><strong>congruit</strong></span> 
     </span>
     <span class='ocr_line' id='line_1_13' title="bbox 68 333 1522 395; baseline -0.004 -12"><span class='ocrx_word' id='word_1_29' title='bbox 68 348 125 384; x_wconf 83' lang='grc' dir='ltr'><strong>ἰιι</strong></span> <span class='ocrx_word' id='word_1_30' title='bbox 163 335 287 389; x_wconf 74' lang='grc' dir='ltr'><strong><em>ἰδίω,</em></strong></span> <span class='ocrx_word' id='word_1_31' title='bbox 325 337 401 382; x_wconf 85' lang='lat' dir='ltr'><strong>sed</strong></span> <span class='ocrx_word' id='word_1_32' title='bbox 439 336 578 395; x_wconf 72' lang='grc' dir='ltr'><strong><em>ἵδρως</em></strong></span> <span class='ocrx_word' id='word_1_33' title='bbox 615 338 740 380; x_wconf 81' lang='lat' dir='ltr'><strong>attice</strong></span> <span class='ocrx_word' id='word_1_34' title='bbox 783 337 1005 393; x_wconf 88' lang='lat' dir='ltr'><strong>corripitur</strong></span> <span class='ocrx_word' id='word_1_35' title='bbox 1038 343 1081 379; x_wconf 91' lang='lat' dir='ltr'><strong>ut</strong></span> <span class='ocrx_word' id='word_1_36' title='bbox 1119 333 1241 393; x_wconf 73' lang='grc' dir='ltr'><strong>ὕδωρ</strong></span> <span class='ocrx_word' id='word_1_37' title='bbox 1281 340 1322 377; x_wconf 88' lang='lat' dir='ltr'><strong>et</strong></span> <span class='ocrx_word' id='word_1_38' title='bbox 1360 336 1522 392; x_wconf 88' lang='lat' dir='ltr'><strong>epicum</strong></span> 
     </span>
     <span class='ocr_line' id='line_1_14' title="bbox 31 398 1520 464; baseline -0.004 -14"><span class='ocrx_word' id='word_1_39' title='bbox 31 421 150 459; x_wconf 76' lang='grc' dir='ltr'><strong>ὀς,</strong></span> <span class='ocrx_word' id='word_1_40' title='bbox 179 404 291 464; x_wconf 83' lang='lat' dir='ltr'><strong>quod</strong></span> <span class='ocrx_word' id='word_1_41' title='bbox 316 417 409 448; x_wconf 86' lang='lat' dir='ltr'><strong>cum</strong></span> <span class='ocrx_word' id='word_1_42' title='bbox 440 398 540 455; x_wconf 83' lang='grc' dir='ltr'><strong><em>ἶδος</em></strong></span> <span class='ocrx_word' id='word_1_43' title='bbox 565 410 787 460; x_wconf 83' lang='lat' dir='ltr'><strong>cognatum</strong></span> <span class='ocrx_word' id='word_1_44' title='bbox 815 403 1008 447; x_wconf 86' lang='lat' dir='ltr'><strong>creditur.</strong></span> <span class='ocrx_word' id='word_1_45' title='bbox 1066 401 1129 446; x_wconf 93' lang='lat' dir='ltr'><strong>De</strong></span> <span class='ocrx_word' id='word_1_46' title='bbox 1157 401 1296 460; x_wconf 81' lang='lat' dir='ltr'><strong>ypsilo</strong></span> <span class='ocrx_word' id='word_1_47' title='bbox 1326 403 1369 444; x_wconf 94' lang='lat' dir='ltr'><strong>in</strong></span> <span class='ocrx_word' id='word_1_48' title='bbox 1385 400 1520 458; x_wconf 82' lang='lat' dir='ltr'><strong>Regg.</strong></span> 
     </span>
     <span class='ocr_line' id='line_1_15' title="bbox 97 464 1522 534; baseline -0.001 -18"><span class='ocrx_word' id='word_1_49' title='bbox 97 490 149 520; x_wconf 64' lang='lat' dir='ltr'><strong>is.</strong></span> <span class='ocrx_word' id='word_1_50' title='bbox 179 481 444 534; x_wconf 81' lang='lat' dir='ltr'><strong>praeceptum</strong></span> <span class='ocrx_word' id='word_1_51' title='bbox 473 473 555 518; x_wconf 86' lang='lat' dir='ltr'><strong>hoc</strong></span> <span class='ocrx_word' id='word_1_52' title='bbox 586 480 651 517; x_wconf 88' lang='lat' dir='ltr'><strong>est</strong></span> <span class='ocrx_word' id='word_1_53' title='bbox 680 473 736 517; x_wconf 83' lang='grc' dir='ltr'><strong>τὰ</strong></span> <span class='ocrx_word' id='word_1_54' title='bbox 771 475 834 531; x_wconf 71' lang='grc' dir='ltr'><strong>τῷ</strong></span> <span class='ocrx_word' id='word_1_55' title='bbox 851 464 897 518; x_wconf 60' lang='grc' dir='ltr'><em>ἶ</em></span> <span class='ocrx_word' id='word_1_56' title='bbox 921 469 1270 530; x_wconf 78' lang='grc' dir='ltr'><strong><em>παραληγόμενα</em></strong></span> <span class='ocrx_word' id='word_1_57' title='bbox 1300 487 1522 528; x_wconf 83' lang='grc' dir='ltr'><strong>προπερι-</strong></span> 
     </span>
     <span class='ocr_line' id='line_1_16' title="bbox 31 535 1524 598; baseline -0.005 -11"><span class='ocrx_word' id='word_1_58' title='bbox 31 589 33 596; x_wconf 72' lang='grc'><strong><em>,</em></strong></span> <span class='ocrx_word' id='word_1_59' title='bbox 63 548 69 550; x_wconf 72' lang='grc'><strong>’</strong></span> <span class='ocrx_word' id='word_1_60' title='bbox 96 546 203 587; x_wconf 79' lang='grc' dir='ltr'><strong>ἆται</strong></span> <span class='ocrx_word' id='word_1_61' title='bbox 237 545 379 594; x_wconf 77' lang='grc' dir='ltr'><strong><em>κῦτος,</em></strong></span> <span class='ocrx_word' id='word_1_62' title='bbox 414 541 586 592; x_wconf 78' lang='grc' dir='ltr'><strong><em>σκῦλος,</em></strong></span> <span class='ocrx_word' id='word_1_63' title='bbox 617 542 790 591; x_wconf 82' lang='grc' dir='ltr'><strong><em>σκῦτος,</em></strong></span> <span class='ocrx_word' id='word_1_64' title='bbox 821 542 989 598; x_wconf 82' lang='grc' dir='ltr'><em>φῦκος·</em></span> <span class='ocrx_word' id='word_1_65' title='bbox 1020 537 1165 596; x_wconf 82' lang='grc' dir='ltr'><strong><em>ψύχος</em></strong></span> <span class='ocrx_word' id='word_1_66' title='bbox 1195 538 1244 583; x_wconf 79' lang='grc' dir='ltr'><strong>δὲ</strong></span> <span class='ocrx_word' id='word_1_67' title='bbox 1263 537 1338 582; x_wconf 86' lang='grc' dir='ltr'><strong>καὶ</strong></span> <span class='ocrx_word' id='word_1_68' title='bbox 1366 535 1524 595; x_wconf 82' lang='grc' dir='ltr'><strong><em>τρύχος</em></strong></span> 
     </span>
     <span class='ocr_line' id='line_1_17' title="bbox 29 605 1522 669; baseline -0.004 -15"><span class='ocrx_word' id='word_1_69' title='bbox 29 627 32 643; x_wconf 77' lang='lat'>¹</span> <span class='ocrx_word' id='word_1_70' title='bbox 78 606 371 669; x_wconf 79' lang='grc' dir='ltr'><strong><em>ροξύνονται,</em></strong></span> <span class='ocrx_word' id='word_1_71' title='bbox 401 608 511 666; x_wconf 87' lang='lat' dir='ltr'><strong>quod</strong></span> <span class='ocrx_word' id='word_1_72' title='bbox 542 607 593 651; x_wconf 92' lang='lat' dir='ltr'><strong>de</strong></span> <span class='ocrx_word' id='word_1_73' title='bbox 623 609 844 665; x_wconf 84' lang='lat' dir='ltr'><strong>postremis</strong></span> <span class='ocrx_word' id='word_1_74' title='bbox 874 614 999 651; x_wconf 88' lang='lat' dir='ltr'><strong>totum</strong></span> <span class='ocrx_word' id='word_1_75' title='bbox 1028 606 1195 658; x_wconf 81' lang='lat' dir='ltr'><strong>salsum,</strong></span> <span class='ocrx_word' id='word_1_76' title='bbox 1229 605 1280 648; x_wconf 90' lang='lat' dir='ltr'><strong>de</strong></span> <span class='ocrx_word' id='word_1_77' title='bbox 1311 605 1522 662; x_wconf 82' lang='lat' dir='ltr'><strong>prioribus</strong></span> 
     </span>
     <span class='ocr_line' id='line_1_18' title="bbox 28 669 1521 730; baseline -0.004 -9"><span class='ocrx_word' id='word_1_78' title='bbox 28 685 32 712; x_wconf 66' lang='grc' dir='ltr'><strong>ί</strong></span> <span class='ocrx_word' id='word_1_79' title='bbox 113 675 285 721; x_wconf 85' lang='lat' dir='ltr'><strong>dimidio</strong></span> <span class='ocrx_word' id='word_1_80' title='bbox 313 689 457 720; x_wconf 84' lang='lat' dir='ltr'><strong>verum</strong></span> <span class='ocrx_word' id='word_1_81' title='bbox 485 682 562 719; x_wconf 87' lang='lat' dir='ltr'><strong>est.</strong></span> <span class='ocrx_word' id='word_1_82' title='bbox 621 674 728 718; x_wconf 87' lang='lat' dir='ltr'><strong>Nam</strong></span> <span class='ocrx_word' id='word_1_83' title='bbox 755 675 833 719; x_wconf 89' lang='lat' dir='ltr'><strong>illa</strong></span> <span class='ocrx_word' id='word_1_84' title='bbox 862 689 952 719; x_wconf 87' lang='lat' dir='ltr'><strong>cum</strong></span> <span class='ocrx_word' id='word_1_85' title='bbox 981 673 1122 718; x_wconf 89' lang='lat' dir='ltr'><strong>verbis</strong></span> <span class='ocrx_word' id='word_1_86' title='bbox 1150 670 1278 730; x_wconf 84' lang='grc' dir='ltr'><em>ψύχω</em></span> <span class='ocrx_word' id='word_1_87' title='bbox 1308 679 1349 715; x_wconf 89' lang='lat' dir='ltr'><strong>et</strong></span> <span class='ocrx_word' id='word_1_88' title='bbox 1378 669 1521 729; x_wconf 82' lang='grc' dir='ltr'><em>τρύχω</em></span> 
     </span>
     <span class='ocr_line' id='line_1_19' title="bbox 63 736 1522 800; baseline -0.004 -12"><span class='ocrx_word' id='word_1_89' title='bbox 63 750 84 784; x_wconf 57' lang='lat' dir='ltr'><strong>‘r</strong></span> <span class='ocrx_word' id='word_1_90' title='bbox 108 750 227 789; x_wconf 82' lang='lat' dir='ltr'><strong>urate</strong></span> <span class='ocrx_word' id='word_1_91' title='bbox 243 750 486 800; x_wconf 83' lang='lat' dir='ltr'><strong>congruunt,</strong></span> <span class='ocrx_word' id='word_1_92' title='bbox 517 741 648 794; x_wconf 86' lang='grc' dir='ltr'><strong><em>κύτος</em></strong></span> <span class='ocrx_word' id='word_1_93' title='bbox 670 756 760 786; x_wconf 90' lang='lat' dir='ltr'><strong>cum</strong></span> <span class='ocrx_word' id='word_1_94' title='bbox 778 742 891 786; x_wconf 87' lang='lat' dir='ltr'><strong>affini</strong></span> <span class='ocrx_word' id='word_1_95' title='bbox 909 739 1025 793; x_wconf 86' lang='grc' dir='ltr'><strong><em>κὺος,</em></strong></span> <span class='ocrx_word' id='word_1_96' title='bbox 1053 738 1214 791; x_wconf 84' lang='grc' dir='ltr'><strong><em>σκύλος</em></strong></span> <span class='ocrx_word' id='word_1_97' title='bbox 1236 753 1327 784; x_wconf 90' lang='lat' dir='ltr'><strong>cum</strong></span> <span class='ocrx_word' id='word_1_98' title='bbox 1346 736 1522 783; x_wconf 83' lang='grc' dir='ltr'><strong><em>σκύλλω</em></strong></span> 
     </span>
     <span class='ocr_line' id='line_1_20' title="bbox 70 805 1523 869; baseline -0.005 -13"><span class='ocrx_word' id='word_1_99' title='bbox 70 838 71 841; x_wconf 63' lang='lat'><em>=</em></span> <span class='ocrx_word' id='word_1_100' title='bbox 98 809 219 861; x_wconf 81' lang='grc' dir='ltr'><strong><em>ὐλλα,</em></strong></span> <span class='ocrx_word' id='word_1_101' title='bbox 251 823 423 868; x_wconf 87' lang='lat' dir='ltr'><strong>quorum</strong></span> <span class='ocrx_word' id='word_1_102' title='bbox 451 812 586 869; x_wconf 83' lang='lat' dir='ltr'><strong>prima</strong></span> <span class='ocrx_word' id='word_1_103' title='bbox 614 817 679 854; x_wconf 88' lang='lat' dir='ltr'><strong>est</strong></span> <span class='ocrx_word' id='word_1_104' title='bbox 705 810 859 862; x_wconf 89' lang='lat' dir='ltr'><strong>brevis,</strong></span> <span class='ocrx_word' id='word_1_105' title='bbox 889 811 1032 868; x_wconf 79' lang='grc' dir='ltr'><strong><em>φῦκος</em></strong></span> <span class='ocrx_word' id='word_1_106' title='bbox 1061 822 1154 852; x_wconf 86' lang='lat' dir='ltr'><strong>cum</strong></span> <span class='ocrx_word' id='word_1_107' title='bbox 1179 805 1374 865; x_wconf 76' lang='grc' dir='ltr'><strong>πέφυκα.</strong></span> <span class='ocrx_word' id='word_1_108' title='bbox 1434 805 1523 850; x_wconf 89' lang='lat' dir='ltr'><strong>Sed</strong></span> 
     </span>
     <span class='ocr_line' id='line_1_21' title="bbox 28 871 1523 936; baseline -0.005 -12"><span class='ocrx_word' id='word_1_109' title='bbox 28 902 30 906; x_wconf 34' lang='grc' dir='ltr'><strong><em>ν</em></strong></span> <span class='ocrx_word' id='word_1_110' title='bbox 63 882 192 931; x_wconf 77' lang='grc' dir='ltr'><strong>ι“”τος</strong></span> <span class='ocrx_word' id='word_1_111' title='bbox 222 877 328 922; x_wconf 84' lang='lat' dir='ltr'><strong>nihil</strong></span> <span class='ocrx_word' id='word_1_112' title='bbox 349 881 393 922; x_wconf 93' lang='lat' dir='ltr'><strong>in</strong></span> <span class='ocrx_word' id='word_1_113' title='bbox 423 879 635 923; x_wconf 85' lang='lat' dir='ltr'><strong>consortio</strong></span> <span class='ocrx_word' id='word_1_114' title='bbox 662 878 789 922; x_wconf 85' lang='lat' dir='ltr'><strong>habet</strong></span> <span class='ocrx_word' id='word_1_115' title='bbox 806 884 974 936; x_wconf 87' lang='lat' dir='ltr'><strong>praeter</strong></span> <span class='ocrx_word' id='word_1_116' title='bbox 999 876 1144 934; x_wconf 84' lang='lat' dir='ltr'><strong>dispar</strong></span> <span class='ocrx_word' id='word_1_117' title='bbox 1163 871 1339 924; x_wconf 81' lang='grc' dir='ltr'><strong>σκάτος.</strong></span> <span class='ocrx_word' id='word_1_118' title='bbox 1379 871 1523 932; x_wconf 83' lang='grc' dir='ltr'><strong><em>Ὕφος</em></strong></span> 
     </span>
     <span class='ocr_line' id='line_1_22' title="bbox 93 941 1522 1004; baseline -0.006 -14"><span class='ocrx_word' id='word_1_119' title='bbox 93 945 288 991; x_wconf 83' lang='lat' dir='ltr'><strong>Dracone</strong></span> <span class='ocrx_word' id='word_1_120' title='bbox 315 960 355 1004; x_wconf 88' lang='lat' dir='ltr'><strong>p.</strong></span> <span class='ocrx_word' id='word_1_121' title='bbox 387 946 483 990; x_wconf 85' lang='grc'><strong>119.</strong></span> <span class='ocrx_word' id='word_1_122' title='bbox 515 959 732 1004; x_wconf 80' lang='lat' dir='ltr'><strong>perperam</strong></span> <span class='ocrx_word' id='word_1_123' title='bbox 763 947 872 988; x_wconf 89' lang='lat' dir='ltr'><strong>inter</strong></span> <span class='ocrx_word' id='word_1_124' title='bbox 901 957 954 988; x_wconf 85' lang='lat' dir='ltr'><strong>ea</strong></span> <span class='ocrx_word' id='word_1_125' title='bbox 992 956 1100 1000; x_wconf 88' lang='lat' dir='ltr'><strong>quae</strong></span> <span class='ocrx_word' id='word_1_126' title='bbox 1134 943 1314 1000; x_wconf 80' lang='lat' dir='ltr'><strong>priorem</strong></span> <span class='ocrx_word' id='word_1_127' title='bbox 1350 941 1522 996; x_wconf 83' lang='lat' dir='ltr'><strong>longam</strong></span> 
     </span>
     <span class='ocr_line' id='line_1_23' title="bbox 26 1006 1522 1069; baseline -0.007 -10"><span class='ocrx_word' id='word_1_128' title='bbox 26 1039 29 1051; x_wconf 68' lang='lat'>1</span> <span class='ocrx_word' id='word_1_129' title='bbox 71 1014 208 1067; x_wconf 79' lang='lat' dir='ltr'><strong>berit,</strong></span> <span class='ocrx_word' id='word_1_130' title='bbox 246 1013 424 1057; x_wconf 81' lang='lat' dir='ltr'><strong>relatum</strong></span> <span class='ocrx_word' id='word_1_131' title='bbox 462 1020 539 1057; x_wconf 82' lang='lat' dir='ltr'><strong>est.</strong></span> <span class='ocrx_word' id='word_1_132' title='bbox 607 1012 741 1065; x_wconf 88' lang='lat' dir='ltr'><strong>Quum</strong></span> <span class='ocrx_word' id='word_1_133' title='bbox 779 1009 934 1069; x_wconf 83' lang='grc' dir='ltr'><em>στύφω</em></span> <span class='ocrx_word' id='word_1_134' title='bbox 975 1007 1266 1066; x_wconf 82' lang='grc' dir='ltr'><strong><em>(ἇποστύφω,</em></strong></span> <span class='ocrx_word' id='word_1_135' title='bbox 1306 1006 1522 1065; x_wconf 80' lang='grc' dir='ltr'><strong><em>ἒνοτύφω,</em></strong></span> 
     </span>
     <span class='ocr_line' id='line_1_24' title="bbox 25 1076 1523 1140; baseline -0.007 -13"><span class='ocrx_word' id='word_1_136' title='bbox 25 1096 27 1130; x_wconf 63' lang='grc' dir='ltr'>ᾳ</span> <span class='ocrx_word' id='word_1_137' title='bbox 93 1078 284 1140; x_wconf 78' lang='grc' dir='ltr'><strong>ιστύφω)</strong></span> <span class='ocrx_word' id='word_1_138' title='bbox 303 1094 525 1138; x_wconf 86' lang='lat' dir='ltr'><strong>nunqnam,</strong></span> <span class='ocrx_word' id='word_1_139' title='bbox 551 1080 659 1138; x_wconf 88' lang='lat' dir='ltr'><strong>quod</strong></span> <span class='ocrx_word' id='word_1_140' title='bbox 680 1081 825 1129; x_wconf 86' lang='lat' dir='ltr'><strong>seiam,</strong></span> <span class='ocrx_word' id='word_1_141' title='bbox 855 1077 980 1121; x_wconf 84' lang='lat' dir='ltr'><strong>aliter</strong></span> <span class='ocrx_word' id='word_1_142' title='bbox 995 1078 1310 1134; x_wconf 83' lang='lat' dir='ltr'><strong>pronunciatum</strong></span> <span class='ocrx_word' id='word_1_143' title='bbox 1329 1076 1383 1118; x_wconf 85' lang='lat' dir='ltr'><strong>sit</strong></span> <span class='ocrx_word' id='word_1_144' title='bbox 1399 1089 1523 1132; x_wconf 88' lang='lat' dir='ltr'><strong>quam</strong></span> 
     </span>
     <span class='ocr_line' id='line_1_25' title="bbox 24 1141 1521 1210; baseline -0.003 -21"><span class='ocrx_word' id='word_1_145' title='bbox 24 1181 27 1210; x_wconf 50' lang='lat'><em>5</em></span> <span class='ocrx_word' id='word_1_146' title='bbox 64 1157 172 1208; x_wconf 70' lang='grc' dir='ltr'><strong><em>,φω,</em></strong></span> <span class='ocrx_word' id='word_1_147' title='bbox 198 1154 492 1207; x_wconf 81' lang='lat' dir='ltr'><strong>paroxytonon</strong></span> <span class='ocrx_word' id='word_1_148' title='bbox 519 1145 570 1190; x_wconf 80' lang='grc' dir='ltr'><strong>τὸ</strong></span> <span class='ocrx_word' id='word_1_149' title='bbox 601 1144 773 1204; x_wconf 81' lang='grc' dir='ltr'><strong><em>στύφος</em></strong></span> <span class='ocrx_word' id='word_1_150' title='bbox 803 1145 1036 1189; x_wconf 84' lang='lat' dir='ltr'><strong>acrimonia</strong></span> <span class='ocrx_word' id='word_1_151' title='bbox 1065 1142 1164 1188; x_wconf 91' lang='lat' dir='ltr'><strong>Sch.</strong></span> <span class='ocrx_word' id='word_1_152' title='bbox 1193 1142 1374 1187; x_wconf 88' lang='lat' dir='ltr'><strong>Theocr.</strong></span> <span class='ocrx_word' id='word_1_153' title='bbox 1400 1141 1521 1186; x_wconf 74' lang='grc'><strong>149.</strong></span> 
     </span>
     <span class='ocr_line' id='line_1_26' title="bbox 23 1208 1523 1291; baseline -0.005 -30"><span class='ocrx_word' id='word_1_154' title='bbox 23 1221 29 1244; x_wconf 74' lang='lat'><em>‘</em></span> <span class='ocrx_word' id='word_1_155' title='bbox 107 1222 282 1261; x_wconf 82' lang='lat' dir='ltr'><strong>accentu</strong></span> <span class='ocrx_word' id='word_1_156' title='bbox 304 1221 464 1273; x_wconf 85' lang='lat' dir='ltr'><strong>peccat.</strong></span> <span class='ocrx_word' id='word_1_157' title='bbox 523 1212 614 1258; x_wconf 87' lang='lat' dir='ltr'><strong>lota</strong></span> <span class='ocrx_word' id='word_1_158' title='bbox 630 1226 775 1271; x_wconf 90' lang='lat' dir='ltr'><strong>purum</strong></span> <span class='ocrx_word' id='word_1_159' title='bbox 800 1225 924 1255; x_wconf 91' lang='lat' dir='ltr'><strong>unum</strong></span> <span class='ocrx_word' id='word_1_160' title='bbox 944 1210 1071 1255; x_wconf 87' lang='lat' dir='ltr'><strong>habet</strong></span> <span class='ocrx_word' id='word_1_161' title='bbox 1102 1208 1239 1268; x_wconf 79' lang='grc' dir='ltr'><strong><em>δρίος,</em></strong></span> <span class='ocrx_word' id='word_1_162' title='bbox 1270 1210 1390 1290; x_wconf 85' lang='lat' dir='ltr'><strong>plura</strong></span> <span class='ocrx_word' id='word_1_163' title='bbox 1406 1212 1523 1291; x_wconf 80' lang='lat' dir='ltr'><strong>ypsi-</strong></span> 
     </span>
     <span class='ocr_line' id='line_1_27' title="bbox 23 1276 1523 1341; baseline -0.003 -16"><span class='ocrx_word' id='word_1_164' title='bbox 23 1307 27 1325; x_wconf 89' lang='lat'><strong>.-</strong></span> <span class='ocrx_word' id='word_1_165' title='bbox 63 1319 65 1321; x_wconf 68' lang='grc'><strong>,</strong></span> <span class='ocrx_word' id='word_1_166' title='bbox 91 1307 118 1336; x_wconf 77' lang='grc' dir='ltr'><strong>ι,</strong></span> <span class='ocrx_word' id='word_1_167' title='bbox 146 1296 318 1341; x_wconf 84' lang='lat' dir='ltr'><strong>quorum</strong></span> <span class='ocrx_word' id='word_1_168' title='bbox 349 1289 508 1340; x_wconf 84' lang='lat' dir='ltr'><strong>partem</strong></span> <span class='ocrx_word' id='word_1_169' title='bbox 539 1280 706 1324; x_wconf 84' lang='lat' dir='ltr'><strong>exhibet</strong></span> <span class='ocrx_word' id='word_1_170' title='bbox 729 1280 1026 1336; x_wconf 85' lang='lat' dir='ltr'><strong>Theognostus</strong></span> <span class='ocrx_word' id='word_1_171' title='bbox 1054 1292 1092 1337; x_wconf 90' lang='lat' dir='ltr'><strong>p.</strong></span> <span class='ocrx_word' id='word_1_172' title='bbox 1115 1277 1183 1321; x_wconf 81' lang='grc'><strong>48.</strong></span> <span class='ocrx_word' id='word_1_173' title='bbox 1220 1276 1348 1328; x_wconf 80' lang='grc' dir='ltr'><strong><em>πύος,</em></strong></span> <span class='ocrx_word' id='word_1_174' title='bbox 1379 1276 1523 1334; x_wconf 82' lang='grc' dir='ltr'><strong><em>τρύος,</em></strong></span> 
     </span>
     <span class='ocr_line' id='line_1_28' title="bbox 21 1344 1524 1412; baseline -0.005 -15"><span class='ocrx_word' id='word_1_175' title='bbox 21 1363 25 1412; x_wconf 54' lang='lat' dir='ltr'>J</span> <span class='ocrx_word' id='word_1_176' title='bbox 67 1349 190 1403; x_wconf 83' lang='grc' dir='ltr'><strong><em>ύος,</em></strong></span> <span class='ocrx_word' id='word_1_177' title='bbox 230 1348 366 1401; x_wconf 79' lang='grc' dir='ltr'><strong><em>θύος,</em></strong></span> <span class='ocrx_word' id='word_1_178' title='bbox 410 1348 547 1407; x_wconf 84' lang='grc' dir='ltr'><strong><em>φὺος,</em></strong></span> <span class='ocrx_word' id='word_1_179' title='bbox 590 1348 708 1407; x_wconf 80' lang='grc' dir='ltr'><strong>ῥῢος.</strong></span> <span class='ocrx_word' id='word_1_180' title='bbox 775 1347 957 1390; x_wconf 91' lang='lat' dir='ltr'><strong>Primum</strong></span> <span class='ocrx_word' id='word_1_181' title='bbox 996 1360 1087 1390; x_wconf 84' lang='lat' dir='ltr'><strong>cum</strong></span> <span class='ocrx_word' id='word_1_182' title='bbox 1126 1345 1224 1388; x_wconf 85' lang='lat' dir='ltr'><strong>aliis</strong></span> <span class='ocrx_word' id='word_1_183' title='bbox 1226 1344 1524 1410; x_wconf 76' lang='lat' dir='ltr'><strong>—heteroclitis</strong></span> 
     </span>
     <span class='ocr_line' id='line_1_29' title="bbox 21 1411 1526 1505; baseline -0.005 -39"><span class='ocrx_word' id='word_1_184' title='bbox 21 1426 25 1442; x_wconf 71' lang='lat'><em>³</em></span> <span class='ocrx_word' id='word_1_185' title='bbox 68 1428 206 1480; x_wconf 60' lang='lat' dir='ltr'><strong>fertur</strong></span> <span class='ocrx_word' id='word_1_186' title='bbox 225 1421 285 1487; x_wconf 73' lang='lat' dir='ltr'><strong>i—il</strong></span> <span class='ocrx_word' id='word_1_187' title='bbox 307 1418 439 1505; x_wconf 77' lang='lat' dir='ltr'><strong>Epim.</strong></span> <span class='ocrx_word' id='word_1_188' title='bbox 469 1417 607 1462; x_wconf 82' lang='lat' dir='ltr'><strong>Cram.</strong></span> <span class='ocrx_word' id='word_1_189' title='bbox 637 1416 668 1459; x_wconf 92' lang='grc' dir='ltr'><strong>Ι.</strong></span> <span class='ocrx_word' id='word_1_190' title='bbox 698 1418 796 1461; x_wconf 89' lang='grc'><strong>277.</strong></span> <span class='ocrx_word' id='word_1_191' title='bbox 828 1416 993 1474; x_wconf 82' lang='grc' dir='ltr'><strong>γίνεται</strong></span> <span class='ocrx_word' id='word_1_192' title='bbox 1028 1415 1084 1459; x_wconf 83' lang='grc' dir='ltr'><strong>τὰ</strong></span> <span class='ocrx_word' id='word_1_193' title='bbox 1121 1413 1186 1466; x_wconf 83' lang='grc' dir='ltr'><strong>εἷς</strong></span> <span class='ocrx_word' id='word_1_194' title='bbox 1223 1431 1273 1458; x_wconf 88' lang='grc' dir='ltr'><strong>ον</strong></span> <span class='ocrx_word' id='word_1_195' title='bbox 1311 1411 1526 1472; x_wconf 80' lang='grc' dir='ltr'><strong><em>οὐδέτερα</em></strong></span> 
     </span>
     <span class='ocr_line' id='line_1_30' title="bbox 27 1481 1526 1547; baseline -0.007 -11"><span class='ocrx_word' id='word_1_196' title='bbox 27 1526 30 1527; x_wconf 26' lang='lat'><em>⁷</em></span> <span class='ocrx_word' id='word_1_197' title='bbox 74 1491 112 1536; x_wconf 79' lang='grc' dir='ltr'><strong><em>ἱ</em></strong></span> <span class='ocrx_word' id='word_1_198' title='bbox 140 1487 207 1542; x_wconf 79' lang='grc' dir='ltr'><strong>εἷς</strong></span> <span class='ocrx_word' id='word_1_199' title='bbox 235 1507 286 1542; x_wconf 89' lang='grc' dir='ltr'><strong>ος</strong></span> <span class='ocrx_word' id='word_1_200' title='bbox 314 1488 466 1547; x_wconf 72' lang='grc' dir='ltr'><strong><em>ὥςπερ</em></strong></span> <span class='ocrx_word' id='word_1_201' title='bbox 485 1487 536 1532; x_wconf 83' lang='grc' dir='ltr'><strong>τὸ</strong></span> <span class='ocrx_word' id='word_1_202' title='bbox 561 1485 678 1532; x_wconf 78' lang='grc' dir='ltr'><strong><em>θύον</em></strong></span> <span class='ocrx_word' id='word_1_203' title='bbox 694 1485 821 1538; x_wconf 76' lang='grc' dir='ltr'><strong><em>θύος,</em></strong></span> <span class='ocrx_word' id='word_1_204' title='bbox 859 1482 1012 1544; x_wconf 70' lang='grc' dir='ltr'><strong>ἄρειον</strong></span> <span class='ocrx_word' id='word_1_205' title='bbox 1044 1481 1196 1544; x_wconf 82' lang='grc' dir='ltr'><strong>α’ρειος</strong></span> <span class='ocrx_word' id='word_1_206' title='bbox 1216 1482 1360 1542; x_wconf 78' lang='grc' dir='ltr'><strong><em>(ὁρίον</em></strong></span> <span class='ocrx_word' id='word_1_207' title='bbox 1379 1483 1526 1541; x_wconf 82' lang='grc' dir='ltr'><strong>δριος)</strong></span> 
     </span>
     <span class='ocr_line' id='line_1_31' title="bbox 64 1549 1522 1615; baseline -0.006 -12"><span class='ocrx_word' id='word_1_208' title='bbox 64 1556 184 1603; x_wconf 49' lang='lat' dir='ltr'><strong>ivor</strong></span> <span class='ocrx_word' id='word_1_209' title='bbox 215 1554 376 1615; x_wconf 82' lang='grc' dir='ltr'><strong><em>κρίνος,</em></strong></span> <span class='ocrx_word' id='word_1_210' title='bbox 406 1554 480 1600; x_wconf 81' lang='grc' dir='ltr'><strong>καὶ</strong></span> <span class='ocrx_word' id='word_1_211' title='bbox 508 1554 559 1599; x_wconf 82' lang='grc' dir='ltr'><strong>τὸ</strong></span> <span class='ocrx_word' id='word_1_212' title='bbox 580 1552 697 1598; x_wconf 85' lang='grc' dir='ltr'><strong><em>πύον</em></strong></span> <span class='ocrx_word' id='word_1_213' title='bbox 727 1553 844 1605; x_wconf 83' lang='grc' dir='ltr'><strong><em>πύος</em></strong></span> <span class='ocrx_word' id='word_1_214' title='bbox 874 1554 1047 1607; x_wconf 76' lang='grc' dir='ltr'><strong>λέγεται</strong></span> <span class='ocrx_word' id='word_1_215' title='bbox 1068 1552 1141 1596; x_wconf 84' lang='grc' dir='ltr'><strong>καὶ</strong></span> <span class='ocrx_word' id='word_1_216' title='bbox 1162 1570 1185 1595; x_wconf 87' lang='lat' dir='ltr'><strong>r</strong></span> <span class='ocrx_word' id='word_1_217' title='bbox 1215 1553 1373 1609; x_wconf 79' lang='grc' dir='ltr'><strong>χρῆσις</strong></span> <span class='ocrx_word' id='word_1_218' title='bbox 1403 1549 1522 1607; x_wconf 78' lang='grc' dir='ltr'><strong><em>παρ’</em></strong></span> 
     </span>
     <span class='ocr_line' id='line_1_32' title="bbox 102 1617 1529 1682; baseline -0.006 -13"><span class='ocrx_word' id='word_1_219' title='bbox 102 1621 334 1682; x_wconf 80' lang='grc' dir='ltr'><strong>ποκράτει.</strong></span> <span class='ocrx_word' id='word_1_220' title='bbox 393 1622 516 1681; x_wconf 86' lang='lat' dir='ltr'><strong>Apud</strong></span> <span class='ocrx_word' id='word_1_221' title='bbox 544 1621 654 1665; x_wconf 91' lang='lat' dir='ltr'><strong>hunc</strong></span> <span class='ocrx_word' id='word_1_222' title='bbox 685 1628 821 1665; x_wconf 85' lang='lat' dir='ltr'><strong>autem</strong></span> <span class='ocrx_word' id='word_1_223' title='bbox 846 1623 889 1664; x_wconf 92' lang='lat' dir='ltr'><strong>in</strong></span> <span class='ocrx_word' id='word_1_224' title='bbox 917 1619 1028 1664; x_wconf 90' lang='lat' dir='ltr'><strong>libro</strong></span> <span class='ocrx_word' id='word_1_225' title='bbox 1058 1620 1109 1663; x_wconf 89' lang='lat' dir='ltr'><strong>de</strong></span> <span class='ocrx_word' id='word_1_226' title='bbox 1134 1618 1208 1663; x_wconf 89' lang='lat' dir='ltr'><strong>lut.</strong></span> <span class='ocrx_word' id='word_1_227' title='bbox 1233 1617 1382 1662; x_wconf 84' lang='lat' dir='ltr'><strong>Affect.</strong></span> <span class='ocrx_word' id='word_1_228' title='bbox 1412 1625 1454 1662; x_wconf 82' lang='lat' dir='ltr'><strong>ut</strong></span> <span class='ocrx_word' id='word_1_229' title='bbox 1484 1620 1529 1661; x_wconf 90' lang='lat' dir='ltr'><strong>in</strong></span> 
     </span>
     <span class='ocr_line' id='line_1_33' title="bbox 77 1685 1528 1747; baseline -0.005 -10.274"><span class='ocrx_word' id='word_1_230' title='bbox 77 1706 118 1737; x_wconf 66' lang='lat' dir='ltr'><strong>nc</strong></span> <span class='ocrx_word' id='word_1_231' title='bbox 147 1705 213 1736; x_wconf 89' lang='lat' dir='ltr'><strong>me</strong></span> <span class='ocrx_word' id='word_1_232' title='bbox 243 1692 492 1741; x_wconf 85' lang='lat' dir='ltr'><strong>contineam,</strong></span> <span class='ocrx_word' id='word_1_233' title='bbox 523 1703 600 1747; x_wconf 90' lang='lat' dir='ltr'><strong>pus</strong></span> <span class='ocrx_word' id='word_1_234' title='bbox 631 1689 754 1733; x_wconf 90' lang='lat' dir='ltr'><strong>modo</strong></span> <span class='ocrx_word' id='word_1_235' title='bbox 784 1690 899 1732; x_wconf 81' lang='grc' dir='ltr'><strong><em>πῦον</em></strong></span> <span class='ocrx_word' id='word_1_236' title='bbox 930 1687 1080 1731; x_wconf 88' lang='lat' dir='ltr'><strong>dicitur</strong></span> <span class='ocrx_word' id='word_1_237' title='bbox 1104 1701 1142 1745; x_wconf 87' lang='lat' dir='ltr'><strong>p.</strong></span> <span class='ocrx_word' id='word_1_238' title='bbox 1162 1686 1259 1730; x_wconf 78' lang='lat'><strong>455.</strong></span> <span class='ocrx_word' id='word_1_239' title='bbox 1291 1685 1342 1728; x_wconf 92' lang='lat' dir='ltr'><strong>T.</strong></span> <span class='ocrx_word' id='word_1_240' title='bbox 1363 1685 1413 1728; x_wconf 91' lang='lat' dir='ltr'><strong>II.</strong></span> <span class='ocrx_word' id='word_1_241' title='bbox 1448 1689 1528 1730; x_wconf 79' lang='grc' dir='ltr'><strong>τοῦ</strong></span> 
     </span>
     <span class='ocr_line' id='line_1_34' title="bbox 58 1752 1530 1805; baseline -0.006 0"><span class='ocrx_word' id='word_1_242' title='bbox 58 1757 159 1805; x_wconf 85' lang='grc' dir='ltr'><strong>ύου</strong></span> <span class='ocrx_word' id='word_1_243' title='bbox 182 1758 282 1803; x_wconf 85' lang='grc'><strong>435.</strong></span> <span class='ocrx_word' id='word_1_244' title='bbox 321 1756 376 1803; x_wconf 81' lang='grc' dir='ltr'><strong>τὰ</strong></span> <span class='ocrx_word' id='word_1_245' title='bbox 406 1760 502 1802; x_wconf 86' lang='grc' dir='ltr'><strong>πῦα</strong></span> <span class='ocrx_word' id='word_1_246' title='bbox 537 1755 635 1800; x_wconf 84' lang='grc'><strong>432.</strong></span> <span class='ocrx_word' id='word_1_247' title='bbox 666 1755 764 1799; x_wconf 82' lang='grc'><strong>434.</strong></span> <span class='ocrx_word' id='word_1_248' title='bbox 794 1754 892 1798; x_wconf 82' lang='grc'><strong>455.</strong></span> <span class='ocrx_word' id='word_1_249' title='bbox 926 1755 1049 1799; x_wconf 81' lang='lat' dir='ltr'><strong>modo</strong></span> <span class='ocrx_word' id='word_1_250' title='bbox 1085 1754 1135 1798; x_wconf 81' lang='grc' dir='ltr'><strong>τὸ</strong></span> <span class='ocrx_word' id='word_1_251' title='bbox 1176 1756 1293 1804; x_wconf 84' lang='grc' dir='ltr'><strong><em>πῢος</em></strong></span> <span class='ocrx_word' id='word_1_252' title='bbox 1319 1752 1418 1796; x_wconf 86' lang='grc'><strong>454.</strong></span> <span class='ocrx_word' id='word_1_253' title='bbox 1449 1756 1530 1797; x_wconf 84' lang='grc' dir='ltr'><strong>τοῦ</strong></span> 
     </span>
     <span class='ocr_line' id='line_1_35' title="bbox 17 1817 1530 1879; baseline -0.005 -7"><span class='ocrx_word' id='word_1_254' title='bbox 17 1832 43 1851; x_wconf 58' lang='lat'><strong>¹·</strong></span> <span class='ocrx_word' id='word_1_255' title='bbox 91 1827 184 1879; x_wconf 89' lang='grc' dir='ltr'><strong>ὀυς</strong></span> <span class='ocrx_word' id='word_1_256' title='bbox 210 1825 309 1870; x_wconf 83' lang='grc'><strong>443.</strong></span> <span class='ocrx_word' id='word_1_257' title='bbox 343 1832 384 1870; x_wconf 90' lang='lat' dir='ltr'><strong>et</strong></span> <span class='ocrx_word' id='word_1_258' title='bbox 414 1825 512 1869; x_wconf 87' lang='lat' dir='ltr'><strong>aliis</strong></span> <span class='ocrx_word' id='word_1_259' title='bbox 541 1825 670 1876; x_wconf 91' lang='lat' dir='ltr'><strong>locis,</strong></span> <span class='ocrx_word' id='word_1_260' title='bbox 702 1823 778 1868; x_wconf 88' lang='lat' dir='ltr'><strong>sed</strong></span> <span class='ocrx_word' id='word_1_261' title='bbox 806 1823 1010 1866; x_wconf 87' lang='lat' dir='ltr'><strong>interdum</strong></span> <span class='ocrx_word' id='word_1_262' title='bbox 1040 1823 1165 1866; x_wconf 84' lang='lat' dir='ltr'><strong>etiam</strong></span> <span class='ocrx_word' id='word_1_263' title='bbox 1196 1818 1312 1866; x_wconf 85' lang='grc' dir='ltr'><strong><em>πύον</em></strong></span> <span class='ocrx_word' id='word_1_264' title='bbox 1342 1827 1382 1864; x_wconf 89' lang='lat' dir='ltr'><strong>et</strong></span> <span class='ocrx_word' id='word_1_265' title='bbox 1415 1817 1530 1871; x_wconf 84' lang='grc' dir='ltr'><strong><em>πύος</em></strong></span> 
     </span>
     <span class='ocr_line' id='line_1_36' title="bbox 16 1886 1531 1948; baseline -0.003 -13"><span class='ocrx_word' id='word_1_266' title='bbox 16 1914 42 1935; x_wconf 53' lang='grc' dir='ltr'><strong>ν.</strong></span> <span class='ocrx_word' id='word_1_267' title='bbox 76 1901 187 1939; x_wconf 79' lang='lat' dir='ltr'><strong>ntra</strong></span> <span class='ocrx_word' id='word_1_268' title='bbox 216 1893 424 1938; x_wconf 86' lang='lat' dir='ltr'><strong>Draconis</strong></span> <span class='ocrx_word' id='word_1_269' title='bbox 454 1893 632 1937; x_wconf 82' lang='lat' dir='ltr'><strong>edictum</strong></span> <span class='ocrx_word' id='word_1_270' title='bbox 665 1894 780 1941; x_wconf 81' lang='grc' dir='ltr'><strong><em>πῦος</em></strong></span> <span class='ocrx_word' id='word_1_271' title='bbox 803 1890 1245 1948; x_wconf 79' lang='grc' dir='ltr'><strong><em>μακροπαραληκτεῒ,</em></strong></span> <span class='ocrx_word' id='word_1_272' title='bbox 1276 1886 1414 1932; x_wconf 75' lang='grc' dir='ltr'><em>πύθω</em></span> <span class='ocrx_word' id='word_1_273' title='bbox 1446 1887 1531 1944; x_wconf 79' lang='grc' dir='ltr'><strong>γὰρ</strong></span> 
     </span>
     <span class='ocr_line' id='line_1_37' title="bbox 22 1955 1533 2018; baseline -0.006 -11"><span class='ocrx_word' id='word_1_274' title='bbox 22 1975 23 1979; x_wconf 70' lang='grc'>’</span> <span class='ocrx_word' id='word_1_275' title='bbox 93 1961 340 2017; x_wconf 77' lang='grc' dir='ltr'><strong><em>τεταμένως</em></strong></span> <span class='ocrx_word' id='word_1_276' title='bbox 367 1974 406 2018; x_wconf 88' lang='lat' dir='ltr'><strong>p·</strong></span> <span class='ocrx_word' id='word_1_277' title='bbox 432 1960 499 2005; x_wconf 90' lang='lat'><strong>77.</strong></span> <span class='ocrx_word' id='word_1_278' title='bbox 532 1974 558 2004; x_wconf 87' lang='lat' dir='ltr'><strong>a</strong></span> <span class='ocrx_word' id='word_1_279' title='bbox 591 1973 672 2018; x_wconf 90' lang='lat' dir='ltr'><strong>quo</strong></span> <span class='ocrx_word' id='word_1_280' title='bbox 712 1959 923 2014; x_wconf 86' lang='lat' dir='ltr'><strong>discrepat</strong></span> <span class='ocrx_word' id='word_1_281' title='bbox 954 1957 1223 2014; x_wconf 84' lang='lat' dir='ltr'><strong>Arcadiusp</strong></span> <span class='ocrx_word' id='word_1_282' title='bbox 1227 1957 1364 1999; x_wconf 90' lang='grc'><strong>..121</strong></span> <span class='ocrx_word' id='word_1_283' title='bbox 1392 1955 1533 2012; x_wconf 82' lang='grc' dir='ltr'><em>βαρύ-</em></span> 
     </span>
     <span class='ocr_line' id='line_1_38' title="bbox 89 2023 1533 2086; baseline -0.007 -10.412"><span class='ocrx_word' id='word_1_284' title='bbox 89 2048 166 2076; x_wconf 82' lang='grc' dir='ltr'><strong>ται</strong></span> <span class='ocrx_word' id='word_1_285' title='bbox 195 2030 251 2076; x_wconf 79' lang='grc' dir='ltr'><strong>τὰ</strong></span> <span class='ocrx_word' id='word_1_286' title='bbox 281 2027 346 2082; x_wconf 75' lang='grc' dir='ltr'><strong>εἷς</strong></span> <span class='ocrx_word' id='word_1_287' title='bbox 373 2046 451 2075; x_wconf 85' lang='grc' dir='ltr'><strong>υον</strong></span> <span class='ocrx_word' id='word_1_288' title='bbox 479 2028 638 2079; x_wconf 82' lang='grc' dir='ltr'><strong><em>πτύον,</em></strong></span> <span class='ocrx_word' id='word_1_289' title='bbox 674 2026 832 2086; x_wconf 84' lang='grc' dir='ltr'><strong><em>βρύον,</em></strong></span> <span class='ocrx_word' id='word_1_290' title='bbox 861 2025 977 2072; x_wconf 84' lang='grc' dir='ltr'><strong><em>πύον</em></strong></span> <span class='ocrx_word' id='word_1_291' title='bbox 1005 2026 1056 2070; x_wconf 78' lang='grc' dir='ltr'><strong>τὸ</strong></span> <span class='ocrx_word' id='word_1_292' title='bbox 1088 2024 1259 2081; x_wconf 62' lang='grc' dir='ltr'><strong>εζιιπυον</strong></span> <span class='ocrx_word' id='word_1_293' title='bbox 1279 2029 1343 2077; x_wconf 82' lang='lat'><strong>³¹)</strong></span> <span class='ocrx_word' id='word_1_294' title='bbox 1373 2026 1422 2068; x_wconf 84' lang='grc' dir='ltr'><strong>τὸ</strong></span> <span class='ocrx_word' id='word_1_295' title='bbox 1458 2023 1533 2067; x_wconf 85' lang='grc' dir='ltr'><strong>καὶ</strong></span> 
     </span>
     <span class='ocr_line' id='line_1_39' title="bbox 70 2092 1533 2153; baseline -0.005 -10"><span class='ocrx_word' id='word_1_296' title='bbox 70 2095 302 2151; x_wconf 75' lang='lat' dir='ltr'><strong>1509,nisi</strong></span> <span class='ocrx_word' id='word_1_297' title='bbox 335 2097 537 2142; x_wconf 87' lang='lat' dir='ltr'><strong>librarius</strong></span> <span class='ocrx_word' id='word_1_298' title='bbox 569 2103 784 2141; x_wconf 84' lang='lat' dir='ltr'><strong>accentum</strong></span> <span class='ocrx_word' id='word_1_299' title='bbox 812 2096 1028 2153; x_wconf 88' lang='lat' dir='ltr'><strong>pervertit,</strong></span> <span class='ocrx_word' id='word_1_300' title='bbox 1069 2094 1180 2152; x_wconf 88' lang='lat' dir='ltr'><strong>quod</strong></span> <span class='ocrx_word' id='word_1_301' title='bbox 1222 2092 1321 2137; x_wconf 89' lang='lat' dir='ltr'><strong>mihi</strong></span> <span class='ocrx_word' id='word_1_302' title='bbox 1360 2105 1444 2136; x_wconf 88' lang='lat' dir='ltr'><strong>non</strong></span> <span class='ocrx_word' id='word_1_303' title='bbox 1473 2093 1533 2134; x_wconf 82' lang='lat' dir='ltr'><strong>ita</strong></span> 
     </span>
     <span class='ocr_line' id='line_1_40' title="bbox 14 2159 1535 2236; baseline -0.005 -26"><span class='ocrx_word' id='word_1_304' title='bbox 14 2195 23 2236; x_wconf 51' lang='grc' dir='ltr'>ι</span> <span class='ocrx_word' id='word_1_305' title='bbox 71 2166 228 2218; x_wconf 81' lang='lat' dir='ltr'><strong>idetur3</strong></span> <span class='ocrx_word' id='word_1_306' title='bbox 269 2178 366 2209; x_wconf 84' lang='lat' dir='ltr'><strong>nam</strong></span> <span class='ocrx_word' id='word_1_307' title='bbox 396 2162 568 2220; x_wconf 71' lang='grc' dir='ltr'><strong>εζιιπυος</strong></span> <span class='ocrx_word' id='word_1_308' title='bbox 595 2163 837 2223; x_wconf 87' lang='lat' dir='ltr'><strong>purulentus</strong></span> <span class='ocrx_word' id='word_1_309' title='bbox 866 2162 1020 2218; x_wconf 83' lang='lat' dir='ltr'><strong>legitur</strong></span> <span class='ocrx_word' id='word_1_310' title='bbox 1053 2164 1095 2205; x_wconf 92' lang='lat' dir='ltr'><strong>in</strong></span> <span class='ocrx_word' id='word_1_311' title='bbox 1125 2159 1410 2205; x_wconf 87' lang='lat' dir='ltr'><strong>Andromachi</strong></span> <span class='ocrx_word' id='word_1_312' title='bbox 1440 2173 1535 2203; x_wconf 89' lang='lat' dir='ltr'><strong>ver-</strong></span> 
     </span>
     <span class='ocr_line' id='line_1_41' title="bbox 14 2226 1536 2308; baseline -0.006 -30"><span class='ocrx_word' id='word_1_313' title='bbox 14 2238 19 2244; x_wconf 73' lang='lat'><strong>‘&#39;</strong></span> <span class='ocrx_word' id='word_1_314' title='bbox 69 2233 164 2278; x_wconf 85' lang='lat' dir='ltr'><strong>ibus</strong></span> <span class='ocrx_word' id='word_1_315' title='bbox 195 2232 382 2277; x_wconf 82' lang='lat' dir='ltr'><strong>secunda</strong></span> <span class='ocrx_word' id='word_1_316' title='bbox 410 2239 623 2308; x_wconf 80' lang='lat' dir='ltr'><strong>correpta,</strong></span> <span class='ocrx_word' id='word_1_317' title='bbox 654 2244 734 2274; x_wconf 87' lang='lat' dir='ltr'><strong>nec</strong></span> <span class='ocrx_word' id='word_1_318' title='bbox 761 2232 860 2287; x_wconf 86' lang='lat' dir='ltr'><strong>quia</strong></span> <span class='ocrx_word' id='word_1_319' title='bbox 890 2226 1028 2272; x_wconf 76' lang='grc' dir='ltr'><em>πύθω</em></span> <span class='ocrx_word' id='word_1_320' title='bbox 1059 2228 1322 2286; x_wconf 84' lang='lat' dir='ltr'><strong>producitur,</strong></span> <span class='ocrx_word' id='word_1_321' title='bbox 1355 2227 1465 2270; x_wconf 90' lang='lat' dir='ltr'><strong>idem</strong></span> <span class='ocrx_word' id='word_1_322' title='bbox 1492 2228 1536 2269; x_wconf 88' lang='lat' dir='ltr'><strong>in</strong></span> 
     </span>
     <span class='ocr_line' id='line_1_42' title="bbox 17 2497 1542 2557; baseline -0.005 -9"><span class='ocrx_word' id='word_1_323' title='bbox 17 2535 21 2543; x_wconf 56' lang='grc'>,</span> <span class='ocrx_word' id='word_1_324' title='bbox 62 2503 128 2548; x_wconf 84' lang='lat' dir='ltr'><strong>ed</strong></span> <span class='ocrx_word' id='word_1_325' title='bbox 167 2509 403 2546; x_wconf 86' lang='lat' dir='ltr'><strong>nostrorum</strong></span> <span class='ocrx_word' id='word_1_326' title='bbox 448 2501 663 2546; x_wconf 88' lang='lat' dir='ltr'><strong>doctorum</strong></span> <span class='ocrx_word' id='word_1_327' title='bbox 708 2499 896 2557; x_wconf 91' lang='lat' dir='ltr'><strong>plerique</strong></span> <span class='ocrx_word' id='word_1_328' title='bbox 941 2499 1340 2555; x_wconf 87' lang='lat' dir='ltr'><strong>properispomenon</strong></span> <span class='ocrx_word' id='word_1_329' title='bbox 1384 2497 1542 2541; x_wconf 85' lang='lat' dir='ltr'><strong>faciunt</strong></span> 
     </span>
    </p>
   </div>
   <div class='ocr_carea' id='block_1_4' title="bbox 65 2563 1545 2693">
    <p class='ocr_par' dir='ltr' id='par_1_4' title="bbox 65 2563 1545 2693">
     <span class='ocr_line' id='line_1_43' title="bbox 93 2563 1541 2637; baseline -0.005 -23"><span class='ocrx_word' id='word_1_330' title='bbox 93 2572 242 2637; x_wconf 17' lang='grc' dir='ltr'><strong>ὀςὴιιι</strong></span> <span class='ocrx_word' id='word_1_331' title='bbox 276 2570 400 2626; x_wconf 83' lang='grc' dir='ltr'><strong>πῦαρ</strong></span> <span class='ocrx_word' id='word_1_332' title='bbox 428 2582 468 2613; x_wconf 91' lang='lat' dir='ltr'><strong>v.</strong></span> <span class='ocrx_word' id='word_1_333' title='bbox 493 2567 694 2613; x_wconf 86' lang='lat' dir='ltr'><strong>Fritzsch.</strong></span> <span class='ocrx_word' id='word_1_334' title='bbox 727 2568 782 2611; x_wconf 86' lang='lat' dir='ltr'><strong>ad</strong></span> <span class='ocrx_word' id='word_1_335' title='bbox 811 2566 982 2610; x_wconf 90' lang='lat' dir='ltr'><strong>Thesm.</strong></span> <span class='ocrx_word' id='word_1_336' title='bbox 1014 2579 1053 2622; x_wconf 87' lang='lat' dir='ltr'><strong>p.</strong></span> <span class='ocrx_word' id='word_1_337' title='bbox 1078 2564 1175 2608; x_wconf 83' lang='lat'><strong>594.</strong></span> <span class='ocrx_word' id='word_1_338' title='bbox 1206 2564 1393 2608; x_wconf 87' lang='lat' dir='ltr'><strong>Meinek.</strong></span> <span class='ocrx_word' id='word_1_339' title='bbox 1426 2563 1541 2609; x_wconf 91' lang='lat' dir='ltr'><strong>Com.</strong></span> 
     </span>
     <span class='ocr_line' id='line_1_44' title="bbox 65 2635 1545 2693; baseline -0.005 -10"><span class='ocrx_word' id='word_1_340' title='bbox 65 2641 118 2683; x_wconf 87' lang='grc' dir='ltr'><strong>“ι·.</strong></span> <span class='ocrx_word' id='word_1_341' title='bbox 137 2635 276 2682; x_wconf 86' lang='lat' dir='ltr'><strong>T.111.</strong></span> <span class='ocrx_word' id='word_1_342' title='bbox 296 2635 396 2679; x_wconf 83' lang='grc'><strong>242.</strong></span> <span class='ocrx_word' id='word_1_343' title='bbox 415 2635 515 2681; x_wconf 82' lang='grc'><strong>258.</strong></span> <span class='ocrx_word' id='word_1_344' title='bbox 534 2643 575 2680; x_wconf 86' lang='lat' dir='ltr'><strong>et</strong></span> <span class='ocrx_word' id='word_1_345' title='bbox 586 2636 684 2681; x_wconf 89' lang='grc'><strong>462.</strong></span> <span class='ocrx_word' id='word_1_346' title='bbox 710 2649 791 2693; x_wconf 91' lang='lat' dir='ltr'><strong>quo</strong></span> <span class='ocrx_word' id='word_1_347' title='bbox 812 2641 987 2679; x_wconf 84' lang='lat' dir='ltr'><strong>accentu</strong></span> <span class='ocrx_word' id='word_1_348' title='bbox 1010 2635 1135 2677; x_wconf 83' lang='lat' dir='ltr'><strong>etiam</strong></span> <span class='ocrx_word' id='word_1_349' title='bbox 1151 2639 1338 2676; x_wconf 89' lang='lat' dir='ltr'><strong>neutrum</strong></span> <span class='ocrx_word' id='word_1_350' title='bbox 1359 2639 1545 2677; x_wconf 85' lang='lat' dir='ltr'><strong>notatum</strong></span> 
     </span>
    </p>
   </div>
   <div class='ocr_carea' id='block_1_5' title="bbox 149 2757 1545 2811">
    <p class='ocr_par' dir='ltr' id='par_1_5' title="bbox 149 2757 1545 2811">
     <span class='ocr_line' id='line_1_45' title="bbox 149 2757 1545 2811; baseline -0.004 -11"><span class='ocrx_word' id='word_1_351' title='bbox 149 2764 210 2810; x_wconf 80' lang='lat'><strong>31)</strong></span> <span class='ocrx_word' id='word_1_352' title='bbox 247 2763 299 2801; x_wconf 87' lang='grc' dir='ltr'><strong>Οὐ</strong></span> <span class='ocrx_word' id='word_1_353' title='bbox 325 2765 498 2811; x_wconf 72' lang='grc' dir='ltr'><strong>λέγουσιν</strong></span> <span class='ocrx_word' id='word_1_354' title='bbox 521 2764 668 2811; x_wconf 73' lang='grc' dir='ltr'><strong><em>ἔμπυον</em></strong></span> <span class='ocrx_word' id='word_1_355' title='bbox 693 2763 728 2801; x_wconf 83' lang='grc' dir='ltr'><strong>οἱ</strong></span> <span class='ocrx_word' id='word_1_356' title='bbox 755 2762 906 2799; x_wconf 77' lang='grc' dir='ltr'><strong>παλαιοὶ</strong></span> <span class='ocrx_word' id='word_1_357' title='bbox 930 2758 1021 2796; x_wconf 81' lang='grc' dir='ltr'><strong><em>ἀλλὰ</em></strong></span> <span class='ocrx_word' id='word_1_358' title='bbox 1048 2757 1146 2796; x_wconf 84' lang='grc' dir='ltr'><strong><em>πύον</em></strong></span> <span class='ocrx_word' id='word_1_359' title='bbox 1170 2759 1307 2796; x_wconf 84' lang='lat' dir='ltr'><strong>Anecd.</strong></span> <span class='ocrx_word' id='word_1_360' title='bbox 1333 2757 1545 2795; x_wconf 75' lang='lat' dir='ltr'><strong>Bekk.‘249.</strong></span> 
     </span>
    </p>
   </div>
  </div>
 </body>
</html>
