1708 3126
220 236 297 268 vlu

221 332 414 380 thesauri
444 329 719 395 Stephaniaui
755 328 940 375 editione
975 327 1242 376 Londinensi
1281 338 1449 377 centum
1484 331 1690 393 quinqua·

221 423 342 484 ginta
376 419 537 479 millia3
568 417 786 464 Johannes
817 431 924 464 vero
953 416 1006 464 de
1042 416 1154 465 Ton.
1195 434 1238 480 p.
1275 421 1325 466 4.
1369 418 1522 466 scribit
1555 417 1690 466 Hero·

221 510 394 556 dianum
427 509 470 554 in
508 506 726 555 Catholica
762 515 980 553 accentum
1019 509 1249 570 sexaginta
1290 507 1469 555 millium
1502 507 1691 556 vocabu--

220 599 359 646 lorum
394 583 705 657 constituisse,
758 611 841 658 quo
877 610 1053 643 numero
1089 606 1253 644 certum
1285 606 1354 644 est
1389 597 1475 643 vixi
1494 606 1692 659 quartam

220 695 386 749 partem
436 685 568 732 totius
617 699 805 731 summae
852 685 1080 731 contineri.
1166 685 1338 732 Desunt
1387 685 1500 732 enim
1548 687 1691 734 omnia

220 790 332 838 quae
368 776 511 837 operis
545 770 621 821 lex
658 782 702 820 et
728 774 836 820 ratio
874 774 1066 820 excludit
1096 773 1176 820 hoc
1207 783 1276 821 est
1308 789 1417 837 quae
1453 775 1690 836 generatim

219 880 346 911 unam
394 871 634 926 sequuntur
676 863 840 908 tenoris
886 863 1099 924 regulam.
1174 862 1336 909 Horum
1383 871 1524 910 autem
1567 864 1691 926 copia

219 953 354 999 multo
385 953 568 998 maxima
603 959 702 1012 est,
751 966 809 997 cx
847 949 1089 1013 synthetis‚
1135 951 1455 1014 parasynthctis
1490 961 1534 998 ct
1567 968 1689 1014 para·

219 1018 345 1103 gogi.s
381 1042 518 1088 omnis
549 1041 723 1102 generis
748 1039 958 1100 conflata3
994 1038 1036 1085 id
1070 1039 1183 1101 quod
1205 1041 1436 1103 unicuique
1469 1041 1691 1103 apparebit

217 1131 290 1192 qui
320 1130 444 1176 modo
480 1129 606 1176 unius
633 1130 815 1175 nominis
839 1122 963 1184 οἶκος
996 1129 1255 1190 propagines
1291 1137 1338 1175 et
1372 1128 1573 1177 traduces
1592 1146 1688 1192 per·

215 1218 487 1266 lustraverit.
573 1217 784 1281 Equidem
828 1226 998 1265 centum
1047 1219 1265 1279 octoginta
1312 1219 1485 1280 reperi3
1537 1218 1689 1267 horum

216 1316 361 1354 autem
395 1308 474 1354 vix
496 1306 659 1354 decima
692 1321 792 1368 pars
816 1307 877 1353 ita
912 1315 1156 1368 comparata
1180 1316 1248 1353 est
1282 1316 1331 1353 ut
1365 1306 1417 1354 ab
1443 1306 1686 1356 Herodiano

215 1395 395 1444 tractari
431 1397 650 1458 potuerit3
701 1397 796 1458 quis
842 1397 955 1442 enim
1001 1395 1085 1442 sibi
1120 1395 1381 1457 persuadeat
1421 1411 1517 1444 eum
1553 1399 1686 1445 nomi-

214 1486 344 1531 natim
368 1486 643 1547 praecepisse
668 1499 751 1546 quo
779 1494 962 1531 accentu
992 1483 1216 1531 scribenda
1237 1486 1327 1532 sint
1345 1485 1492 1541 οἰκέω,
1521 1486 1687 1544 οἰκίζω,

213 1570 408 1637 οἴκημα,
443 1570 638 1637 οἴκησις,
672 1571 871 1629 ἔποικος,
902 1572 1108 1630 συνοικίς
1131 1582 1175 1619 et
1202 1583 1348 1620 cetera
1377 1573 1514 1621 talia?
1554 1575 1685 1623 Prae*

212 1670 336 1708 terea
379 1663 417 1708 si
463 1662 558 1725 quis
608 1661 855 1708 immensam
900 1663 1068 1722 copiam
1114 1662 1408 1721 voluminum,
1454 1678 1565 1726 quae
1594 1665 1686 1726 jam

213 1759 312 1796 ante
336 1748 528 1812 Augusti
560 1758 754 1810 tempora
785 1750 828 1795 in
861 1749 1131 1796 bibliothecis
1156 1747 1462 1798 Alexandrinis
1496 1755 1686 1814 reposita

214 1847 336 1896 sunt,
374 1854 471 1885 cum
507 1840 722 1900 paucitate
752 1839 1027 1900 scriptorum,
1064 1839 1136 1900 qui
1165 1838 1219 1885 ad
1252 1854 1332 1885 nos
1367 1829 1706 1903 permutarunt,>

213 1926 472 1985 contulerit,
515 1927 612 1974 hinc
643 1914 795 1987 facile,
845 1936 1002 1990 quanta
1037 1941 1136 1988 pars
1163 1926 1477 1975 vocabulorum
1507 1929 1551 1976 in
1585 1945 1682 1992 per-

212 2024 383 2076 petuum
420 2015 578 2061 abolita
611 2017 697 2077 sit,
734 2017 983 2063 existimare
1014 2016 1189 2076 poterit.

345 2191 435 2237 Hoc
467 2201 609 2238 autem
644 2201 762 2238 tanto
790 2192 1012 2238 literarum
1042 2206 1296 2254 graecarum
1324 2192 1550 2255 naufragio
1585 2193 1680 2242 fieri

210 2293 296 2325 non
343 2282 485 2341 potuit
531 2282 631 2344 quin
676 2282 833 2327 multae
881 2282 1009 2328 etiam
1054 2281 1209 2341 stirpes
1256 2279 1564 2329 vocabulorum
1607 2283 1679 2330 ab·

211 2379 506 2428 sumerentur,
542 2386 626 2417 non
657 2370 794 2417 solum
828 2370 925 2416 illae
962 2369 1128 2419 abditae
1165 2378 1210 2415 et
1237 2369 1536 2431 primigeniae,
1574 2387 1681 2434 quas

210 2455 461 2520 Etymologi
496 2458 746 2522 conjectura
778 2468 1021 2520 venantur,
1059 2457 1138 2504 sed
1173 2458 1300 2504 etiam
1336 2457 1505 2505 adultae
1542 2461 1676 2508 omni-

211 2544 379 2608 busque
415 2548 608 2609 partibus
641 2549 856 2611 expletae.
929 2547 1089 2594 Horum
1122 2547 1308 2608 vestigia
1343 2548 1553 2608 impressa
1577 2559 1678 2596 sunt

210 2632 436 2695 derivatis,
476 2653 586 2700 quae
622 2637 744 2684 nobis
781 2636 1122 2685 antecedentium
1150 2636 1313 2697 ignaris
1343 2636 1436 2684 sine
1469 2638 1676 2701 principio

209 2731 309 2769 nata
351 2725 491 2772 videri
543 2724 698 2776 debent
737 2727 971 2788 similiaque
1018 2725 1180 2772 naturis
1222 2725 1305 2771 illis
1354 2740 1460 2788 quas
1510 2726 1708 2775 Plinius·
