1728 3120
240 187 304 234 94
683 178 1147 223 DISSERTATIO
1191 178 1256 223 IV.

236 311 267 354 1.
298 308 418 353 1294.
456 306 505 349 τὸ
533 302 682 362 ἡθμός
711 303 873 362 καίπερ
903 304 957 348 τὸ.
987 296 1030 364 ἦ
1053 306 1147 362 ἔχον
1177 307 1267 365 πρὸ
1298 308 1376 351 τοῦ
1401 309 1438 350 θ
1467 303 1699 351 δασύνεται

237 380 291 436 τῇ
323 371 465 431 ἐννοίᾳ
491 374 568 414 τοῦ
596 371 831 425 μέλλοντος
856 371 950 431 ἥσω
975 375 1281 429 δασυνομένου,
1310 386 1430 432 quem
1447 387 1530 419 non
1558 374 1698 418 dubito

237 444 288 486 de
321 442 455 484 futuro
493 438 610 481 verbi
641 436 741 494 ἳήμι
768 438 900 496 loqui,
939 443 1018 484 etsi
1044 455 1126 485 non
1155 442 1233 486 hoc
1268 455 1342 500 pro
1371 441 1586 499 percolere
1615 442 1698 486 dici

235 509 343 553 solet
371 507 446 550 sed
476 508 743 563 compositum
771 508 915 551 modo:
957 508 1007 553 τὸ
1042 508 1202 553 λεπτὸν
1234 508 1396 566 διίησιν
1430 506 1578 566 ὥςπερ
1609 506 1697 566 ἤθη

188 579 191 583 ’
235 574 320 630 μός
347 572 554 630 Theophr.
584 572 708 616 Caus.
737 572 804 616 VI.
838 575 903 626 19,
936 576 974 618 3.
1003 575 1074 619 ubi
1103 578 1268 633 spiritus
1297 576 1503 620 detractus
1533 582 1616 627 est,
1657 586 1697 619 et

234 641 434 686 Διείεται
462 640 662 695 (ὁιίεται)
692 639 875 695 ὁιυλίζει
902 643 1054 698 διηθεῖ
1070 642 1166 686 Hes.
1198 642 1286 688 Sed
1315 645 1404 688 sive
1431 643 1599 688 diversa
1622 643 1697 686 fuit

231 710 450 753 verborum
475 702 580 764 ἧσαι
611 715 650 751 et
680 711 816 766 σῆσαι
845 710 976 764 origo,
1007 711 1107 762 sive,
1137 717 1179 753 ut
1207 709 1303 753 mihi
1334 710 1497 767 quidem
1522 711 1695 761 videtur.

233 776 402 826 eadem,
446 775 549 818 illud
590 783 755 819 maneat
791 775 991 833 fixumque
1027 778 1080 820 sit
1129 784 1339 834 utrumque
1377 777 1516 822 thema
1552 790 1691 836 purum

230 844 399 888 habere.
457 841 598 899 Itaque
638 844 675 885 si
720 845 859 886 omnia
891 843 1228 902 perlustraveris,
1264 846 1334 889 vix
1361 858 1484 889 unum
1508 846 1692 903 reperies

232 914 299 956 cui
325 911 437 955 theta
465 923 549 952 non
578 912 629 953 sit
667 910 782 953 foras
817 910 1009 954 additum.
1065 910 1171 955 Nam
1201 919 1241 956 et
1271 910 1419 970 γήθω,
1461 913 1570 970 quod
1599 925 1693 956 sae-

230 981 322 1037 pius
354 978 506 1034 legitur
533 979 576 1020 in
603 976 766 1033 hymnis
800 975 1010 1035 Orphicis,
1048 980 1283 1023 confessum
1312 986 1375 1023 est
1405 993 1432 1023 a
1460 978 1570 1036 γαίω
1598 993 1695 1037 pro-

230 1048 396 1090 venisse
417 1045 484 1096 31)
515 1052 555 1088 et
585 1045 634 1088 de
663 1042 788 1102 λήθω
819 1047 1095 1102 suspicionem
1122 1047 1292 1104 praehet
1321 1046 1520 1103 Hesychii
1546 1044 1694 1102 glossa

229 1112 428 1166 Λάωμεν
457 1109 678 1166 λάθωμεν,
710 1111 905 1168 ambigua
934 1126 1035 1156 sane
1057 1116 1154 1170 quia
1181 1114 1383 1170 λάβωμεν
1401 1113 1592 1159 substitui
1619 1126 1694 1171 po-

228 1187 310 1223 test
328 1182 394 1233 ³²)
426 1179 502 1221 sed
531 1179 670 1234 adJuta
699 1179 783 1222 alio
812 1181 907 1224 loco
936 1183 1067 1238 Λῆτο
1096 1180 1317 1238 ἐλέληστο.
1374 1177 1535 1237 Βρίθω
1564 1193 1591 1224 a
1618 1182 1695 1238 βρῖ

230 1247 392 1290 ductum
421 1252 484 1289 est
515 1253 557 1289 ut
588 1249 661 1304 κρῖ
690 1260 716 1289 a
750 1245 900 1305 κριθή.
956 1246 1083 1290 Verbi
1112 1245 1247 1291 πύθω
1278 1260 1384 1305 quae
1413 1247 1535 1291 fuerit
1560 1249 1694 1306 prima

228 1315 500 1358 conformatio
538 1327 589 1357 ex
626 1315 788 1357 nomine
827 1314 941 1366 πύος
970 1317 1202 1371 conjectare
1239 1314 1357 1366 licet,
1394 1326 1567 1372 eamque
1606 1315 1694 1359 for-

226 1389 340 1425 tasse
376 1383 538 1424 intuens
564 1381 844 1424 Callimachus
885 1379 1024 1425 πύσαι
1055 1383 1167 1425 dixit·
1187 1388 1229 1425 ut
1266 1379 1416 1426 κύσαι·
1454 1395 1551 1426 nam
1585 1395 1691 1440 quae
1727 1377 1728 1394 *

227 1449 493 1493 Muetzellius
523 1449 574 1492 de
599 1448 759 1504 Theog.
775 1448 842 1491 48.
873 1448 926 1491 ad
952 1449 1207 1505 probandam
1235 1448 1421 1504 systolen
1454 1448 1571 1492 affert
1590 1444 1692 1502 ξύσε

228 1524 269 1560 et
301 1514 486 1573 ἔπρεσε,
525 1529 666 1560 eorum
696 1516 868 1559 alterum
908 1515 1130 1568 dissimile,
1170 1516 1342 1559 alterum
1377 1517 1576 1560 incertum
1615 1522 1691 1559 est.

228 1581 407 1628 Κλώθω
446 1583 727 1627 Schneiderus
767 1585 810 1625 in
846 1583 934 1626 Ind.
964 1583 1012 1626 R.
1042 1583 1090 1626 R.
1127 1598 1165 1641 p.
1199 1583 1294 1626 360.
1334 1596 1360 1626 a
1394 1580 1512 1625 κλάω
1551 1590 1691 1626 natum

225 1658 390 1702 censet,
432 1653 498 1694 cui
535 1651 646 1694 favet
681 1652 938 1707 participium
978 1651 1126 1694 κλῶσα
1163 1652 1206 1693 in
1244 1649 1333 1694 cod.
1362 1649 1513 1694 Herod.
1543 1648 1592 1692 V.
1623 1650 1690 1693 12.

223 1732 298 1776 pro
333 1715 570 1762 κλώθουσα
601 1719 815 1774 scriptum3
852 1717 1090 1761 Eustathius
1118 1717 1214 1766 442,
1244 1718 1312 1760 19.
1342 1730 1432 1760 cum
1469 1715 1691 1774 βεβρώθω

225 1792 437 1843 comparat
474 1792 513 1828 et
554 1792 596 1827 ut
623 1784 702 1828 hoc
732 1798 757 1827 a
786 1788 879 1842 βρῶ
910 1787 971 1828 sic
1009 1785 1113 1828 illud
1151 1798 1177 1828 a
1206 1785 1295 1828 κλῶ
1333 1785 1517 1828 extitisse
1556 1786 1690 1836 sumit,

225 1866 331 1910 quae
361 1860 403 1895 ut
434 1852 487 1895 ad
518 1853 713 1894 amussim
744 1860 990 1908 congruant,
1023 1852 1214 1895 thematis
1243 1851 1339 1895 loco
1367 1851 1598 1909 ponendum
1627 1859 1691 1895 est

227 1918 355 1970 κόλω,
388 1918 515 1970 κλόω,
545 1921 659 1974 cujus
681 1919 987 1962 similitudinem
1008 1920 1213 1976 quandam
1241 1926 1387 1975 gerunt
1409 1918 1542 1962 latina
1560 1921 1687 1969 colus,

223 1988 386 2040 qlobus,
416 1988 575 2039 qlomus
604 1987 647 2029 id
676 1993 737 2028 est
769 1987 961 2040 κλῶσμα,
992 1983 1219 2043 συστροφή
1247 1993 1291 2028 ut
1318 1988 1361 2029 in
1390 1985 1529 2030 Gloss.
1560 1985 1689 2029 Grae-

223 2053 302 2097 col.
343 2054 567 2110 exponitur.
624 2053 836 2110 Στρέφειν
872 2060 1008 2095 autem
1046 2060 1086 2095 et
1124 2052 1315 2096 κλώθειν
1354 2053 1477 2108 vulgo
1507 2066 1689 2108 synony-

225 2133 382 2164 morum
412 2122 545 2163 instar
569 2127 662 2163 sunt
693 2126 735 2162 ut
753 2118 925 2163 Lucian.
945 2119 1035 2164 Jov.
1066 2120 1182 2163 refut.
1211 2119 1247 2174 ξ.
1266 2120 1332 2162 11.
1362 2121 1534 2177 primum
1562 2120 1688 2176 στρέ-

223 2203 372 2244 φουσα
401 2186 476 2231 τὸν
505 2182 721 2241 ἄτρακτον
751 2186 851 2230 dixit
880 2188 1028 2230 deinde
1052 2200 1152 2230 vero
1182 2187 1218 2242 ξ.
1253 2187 1316 2229 19.
1347 2184 1585 2230 κλώθουσα
1613 2185 1688 2230 τὸν

223 2251 533 2312 hommum)
561 2267 638 2297 nec
669 2253 802 2297 solum
831 2255 881 2298 de
910 2255 1017 2305 fuso,
1048 2267 1165 2311 quem
1194 2255 1327 2297 netrix
1347 2259 1509 2305 versat,
1536 2255 1685 2310 quique

221 2323 310 2380 ipse
342 2319 542 2379 κλωστήρ
570 2327 751 2373 vocatur,
782 2322 857 2365 sed
879 2323 1002 2365 etiam
1033 2321 1084 2364 de
1111 2321 1180 2366 filo
1209 2321 1318 2378 quod
1349 2320 1442 2365 colo
1472 2320 1686 2364 deductum

311 2482 371 2527 31)
414 2481 509 2518 Gaii
540 2482 640 2520 dicti
664 2494 690 2518 a
721 2483 868 2530 aaudio
900 2486 1113 2530 parentum
1139 2480 1261 2515 Valer.
1287 2479 1388 2515 Max.
1414 2479 1451 2514 in
1474 2478 1613 2526 Fragm.
1638 2478 1685 2514 de

220 2539 391 2575 Nominn.
416 2552 449 2586 p.
471 2539 549 2575 631.

313 2607 373 2653 32)
408 2607 505 2643 Idem
541 2606 733 2644 Λελάσθαι
773 2609 953 2643 λαθέσθαι
994 2607 1189 2649 λαβέσθαι,
1232 2615 1325 2649 quae
1366 2604 1684 2650 interpretamenta

223 2665 359 2699 aoristo
387 2662 549 2712 ἑλάσμην
570 2669 745 2701 λέλασθαι
769 2666 880 2711 magis
907 2662 1121 2699 conveniunt
1150 2672 1254 2706 quam
1278 2661 1453 2706 perfecto.

312 2731 371 2776 33)
405 2736 682 2780 Στρεψίμαλλος
718 2731 989 2779 κλωσιόμαλλος
1010 2730 1173 2767 Eustath.
1200 2729 1297 2773 1608,
1325 2729 1377 2766 17.
1403 2725 1600 2777 εὐστρεφὴς
1623 2725 1685 2764 εὔ-

223 2790 381 2828 κλωστος
402 2801 436 2835 p.
467 2789 571 2834 1025,
595 2790 648 2826 32.
