1708 3126
440 159 544 204 cn.
577 158 608 203 1.
667 157 740 202 DE
769 157 968 203 venius
997 156 1172 203 PURIS.
1482 160 1549 207 25

46 264 55 284 ²
141 292 176 308 ¹0
201 274 316 319 tione
338 273 385 318 in
409 287 582 318 numero
602 275 901 331 primitivorum
925 273 1074 330 reponi
1094 272 1230 330 possit
1257 277 1424 328 praeter
1445 287 1552 315 ποι-

46 351 50 402 }
92 334 161 393 ”Q
191 370 206 395 ,
243 353 481 400 quanquam
519 341 563 385 id
601 354 765 399 quoque
795 354 880 384 non
917 342 1103 384 nativum
1139 339 1215 383 sed
1245 338 1550 396 reduplicatum

44 429 50 446 1
91 457 101 471 Ι,
153 421 231 468 pro
265 409 385 455 πνέω
423 408 492 453 vel
531 407 653 454 πένω
693 408 942 462 (πὲνομαι).
995 404 1160 457 Ὀδύω,
1199 407 1267 450 cui
1297 405 1439 451 Schol.
1471 405 1548 453 Od.

42 490 47 542 g
87 490 122 538 J
161 475 261 522 446.
301 482 344 520 et
381 475 458 520 alii
497 483 687 534 tempora
723 475 933 519 defectiva
978 470 1183 517 ὠδύσατο
1215 481 1256 518 et
1293 470 1550 520 ὀδώδυσται

42 547 47 598 f
82 543 296 604 452=dunt=
331 549 527 601 tanquam
560 543 684 595 licio,
723 555 931 600 nusquam
964 542 1170 598 reperitur
1199 548 1240 585 et
1269 549 1364 585 sunt
1393 544 1462 600 qui
1494 543 1550 586 ad

40 600 55 642 ‘·
157 611 357 656 referant.
414 609 478 655 De
500 607 636 670 ἇρύω,
669 608 798 668 ἐρύω,
829 606 971 668 ἦμύω,
1002 604 1209 665 ὦρύομαι
1238 609 1470 655 disseretur
1497 624 1550 656 eo

180 679 254 736 qui
282 685 348 723 est
374 677 426 722 de
454 677 680 736 prosthesi.

78 762 103 799 ῗ
169 767 208 824 5.
239 768 279 814 7.
340 766 480 812 Verba
517 774 662 812 sextae
700 766 1009 823 conjugationis
1046 773 1212 810 veteres
1240 768 1364 810 nimis
1397 770 1550 826 exigue

39 859 42 863 ·
211 834 418 880 formulae
450 836 658 891 angustiis
692 833 930 878 includunt:
971 830 1021 876 ἐκ
1049 835 1131 876 τοῦ
1162 833 1286 878 πλέω
1316 832 1445 878 πλόω
1474 836 1551 881 καὶ

36 898 42 954 :⁸
81 901 87 935 Ῑ
120 899 304 962 αυξήσει
336 899 477 948 πλώω
515 900 659 946 Schol.
687 899 737 944 B.
778 900 832 944 ad
861 899 910 942 Il.
942 897 1011 941 VT.
1045 899 1144 942 291.
1180 899 1268 953 χέω
1306 898 1427 955 χιόω,
1467 903 1550 956 ζέω

36 969 43 1017 ἑ
77 986 172 1020 w·,
204 969 320 1027 τρέω
349 966 492 1026 tostico,
523 968 611 1028 ῥέω
641 964 756 1027 ῥώω,
792 967 880 1012 σέω
913 962 1017 1010 σώω
1049 965 1308 1023 Theognost.
1330 967 1426 1012 149.
1459 972 1551 1026 qui-

64 1028 130 1093 [Μ
164 1035 311 1082 Schol.
339 1034 372 1079 Ι.
400 1034 498 1079 324.
537 1035 820 1093 imprudenter
859 1034 975 1078 addit
1016 1031 1179 1092 δώῃσι,
1227 1033 1551 1082 Choeroboscus

36 1099 38 1107 '
131 1101 233 1150 ’ωσι
270 1111 312 1148 et
349 1101 502 1148 ὅιᾶωσι
537 1101 648 1147 Dict.
679 1101 729 1146 II.
769 1102 867 1147 885.
906 1100 1045 1144 Cram.
1085 1099 1155 1145 lv.
1192 1101 1290 1146 380.
1325 1101 1422 1147 EM.
1451 1105 1550 1158 237,

98 1172 212 1227 ‚³⁹)
271 1170 443 1216 Illorum
471 1185 598 1215 unum
619 1178 695 1223 est,
726 1171 843 1227 cujus
865 1168 1018 1226 duplex
1045 1168 1182 1213 forma
1200 1169 1406 1214 increbuit
1425 1173 1550 1217 πλέω

34 1260 41 1287 ι,
65 1234 77 1274 'f
128 1236 280 1290 πλώω,
297 1239 368 1294 ⁴⁰)
401 1252 499 1282 nam
531 1236 673 1296 πικρὰ
702 1237 792 1296 νόῳ
817 1234 1042 1288 πνώοντες
1062 1236 1301 1294 Apollinar.
1317 1237 1386 1282 Ps.
1408 1237 1491 1283 CV.
1508 1241 1550 1285 6.

83 1352 87 1356 ,
111 1307 243 1366 'quod
277 1319 354 1366 pro
391 1305 524 1362 χόλον
563 1303 791 1360 ἆμπνείων
818 1303 869 1347 ΙΙ.
899 1304 939 1347 9.
980 1305 1024 1347 in
1059 1304 1140 1348 fine
1170 1303 1278 1349 Edit.
1310 1305 1445 1351 Paris.
1477 1309 1554 1353 ad-

57 1381 242 1420 ‚tatum
271 1380 336 1418 est
363 1370 590 1429 ἅμπνώων
619 1373 879 1417 auctoritatis
911 1384 1054 1429 parum
1085 1370 1224 1416 habet.
1284 1372 1346 1417 De
1377 1373 1554 1431 χώομαι

65 1443 333 1505 susensisse
377 1441 543 1486 videtur
579 1439 853 1484 Aristarchus
895 1452 1017 1496 quum
1061 1440 1103 1482 id
1147 1440 1287 1484 multis
1325 1441 1434 1486 locis
1477 1458 1552 1501 pro

32 1509 37 1565 J
61 1512 63 1514 ’
167 1509 300 1565 έομαι
338 1508 485 1554 valere
526 1508 746 1553 adnotaret
781 1505 1005 1552 v.Leh1·s
1036 1506 1166 1550 Arist.
1198 1507 1294 1551 147.
1354 1509 1475 1562 Quod
1516 1514 1553 1556 si

32 1579 196 1630 {Minus
231 1575 453 1635 probatur,
497 1582 638 1620 tamen
671 1575 924 1629 χολοῦσθαι
965 1580 1005 1617 et
1041 1577 1212 1618 nomina
1251 1572 1404 1629 χόλος,
1442 1577 1551 1637 χολή

31 1634 247 1702 'letique
269 1656 297 1687 a
322 1643 410 1698 χὲω
439 1643 630 1687 derivata
658 1648 831 1686 censent
849 1642 948 1697 quia
976 1642 1043 1684 ira
1062 1641 1432 1687 effervescentibus
1452 1645 1554 1690 bilis

22 1965 26 1972 ,
87 1934 95 1953 ι
165 1914 392 1971 scriptores
421 1911 591 1955 doricos
611 1913 681 1966 ⁴¹)
718 1916 758 1954 et
786 1910 950 1953 ionicos
980 1910 1275 1954 Ar1staenetus
1305 1926 1468 1970 quoque
1502 1928 1554 1960 ac

18 1981 65 2026 Ῐ-.’
128 1982 275 2028 cianus
309 1979 378 2023 usi
417 1985 512 2023 sunt
550 1978 626 2022 sed
664 1978 709 2020 in
737 1990 820 2021 uno
856 1978 1038 2034 optativo
1071 1974 1220 2031 ζώοις,
1251 1992 1373 2036 quem
1405 1980 1555 2026 Gram-

35 2184 37 2189 ,
152 2141 213 2187 39)
244 2140 314 2177 Hic
337 2150 532 2188 perperam
562 2138 696 2174 editum
720 2134 828 2184 γνώω
854 2138 914 2181 τῆς
943 2136 1047 2184 ἕκτης
1070 2140 1243 2186 συζυγίας
1266 2141 1340 2177 τῶν
1364 2152 1556 2191 περισπω-

23 2216 34 2235 ·.·
55 2201 190 2253 μένων
211 2209 282 2246 pro
305 2193 530 2246 βαρυτόνων.

30 2292 36 2295 ,
154 2255 216 2300 40)
251 2253 370 2290 Verbi
399 2255 499 2290 πλέω
532 2252 668 2316 duplex
704 2257 760 2287 est
793 2248 1029 2297 amplificatio
1062 2259 1098 2288 et
1131 2264 1207 2289 non
1232 2265 1336 2289 rarus
1369 2256 1556 2302 utriusque

27 2306 54 2347 ἶ
45 2323 179 2362 penes
205 2310 355 2347 eosdem
378 2296 1255 2355 usus3AretaeusSign.Diut.1.14.8u712.a551v
1281 2315 1320 2345 ut
1343 2323 1459 2358 saepe
1484 2313 1556 2349 He·

23 2358 238 2412 Mrodotus
269 2367 338 2402 sed
367 2367 558 2414 ἒμπλείειν
580 2365 680 2411 Sign
704 2365 808 2401 Acut.
835 2364 880 2399 11.
906 2365 941 2410 8,
966 2366 1021 2402 53.
1070 2370 1211 2403 Πλεῒον
1237 2365 1352 2414 Orph.
1379 2369 1426 2404 Α
1454 2370 1554 2406 1041.

20 2400 59 2459 i
93 2423 231 2462 λύουσι
242 2423 323 2460 497.
349 2422 612 2462 ἆναπλείοντες
638 2421 736 2457 1044.
762 2419 993 2458 sumamma
1015 2423 1115 2459 1201.
1145 2422 1385 2471 παραπλώων
1411 2425 1555 2462 Coluth.

11 2481 51 2523 ”
61 2482 143 2520 211.
172 2477 411 2518 ἔπιπλῶουσα
433 2478 600 2515 Maneth.
622 2478 649 2515 1.
671 2477 746 2514 143.
774 2478 1013 2515 &mammam
1038 2481 1139 2516 Arat.
1167 2480 1246 2518 293.
1274 2486 1311 2516 et
1331 2482 1384 2516 sic
1407 2483 1554 2529 saepius

10 2583 23 2592 ⁵
63 2544 200 2588 poetae
226 2537 321 2584 epici
345 2537 382 2574 in
405 2537 478 2572 arsi
502 2536 668 2581 thesique
693 2546 767 2569 non
792 2534 871 2569 sine
897 2535 1081 2582 multipiici
1108 2536 1282 2573 librorum
1310 2538 1557 2585 discrepantia

9 2630 14 2641 ,
35 2589 102 2638 fu.
126 2595 268 2631 lacobs.
293 2594 342 2629 ad
365 2594 474 2630 Anth.
509 2605 544 2640 p.
569 2593 649 2628 575.
697 2591 757 2627 De
781 2590 966 2637 Euripidis
997 2592 1242 2629 inconstantia
1275 2605 1311 2630 v.
1346 2595 1394 2630 ad
1416 2594 1554 2632 Buttm.

28 2640 38 2653 ’
65 2651 145 2690 28⁰.
168 2650 345 2688 Frttzsch.
370 2651 418 2686 ad
442 2649 665 2696 Thesmoph.
690 2659 726 2684 v.
752 2648 832 2683 878.

157 2708 219 2752 41)
254 2707 359 2744 Stob.
386 2706 466 2743 Ect.
501 2706 570 2741 Tit.
595 2704 765 2741 XLVIII.
789 2717 820 2740 c.
847 2704 903 2741 63.
934 2717 969 2751 p.
995 2704 1083 2749 332,
1108 2705 1163 2743 32.
1190 2712 1227 2742 et
1258 2717 1289 2742 c.
1315 2705 1372 2743 65.
1410 2718 1446 2753 p.
1471 2706 1554 2752 334,

10 2806 18 2815 ,Ι
65 2765 121 2804 40.
156 2765 226 2802 Tit.
255 2763 423 2802 LXXIX.
458 2775 488 2800 c.
516 2763 572 2800 52.
599 2775 635 2810 p.
662 2761 754 2805 460„
780 2761 835 2798 48.
