1728 3120
249 187 348 233 210
682 177 1149 222 DlSSERTATlO
1191 178 1284 222 xli.

252 297 387 349 exigo,
417 304 539 348 quam
570 289 914 344 significationem
938 288 1090 345 τίομαι
1118 305 1198 334 non
1226 292 1376 348 accipit
1401 293 1558 335 marin
1587 293 1672 335 futu

252 368 291 404 et
325 360 494 401 aoristo.
552 356 810 413 Quapropter
844 356 991 411 τίνυμι
1035 370 1061 399 a
1098 355 1200 400 τίνω
1241 358 1468 401 derivatum
1502 351 1656 402 dicitur

253 437 439 469 consona
467 423 643 479 simplici
683 421 902 466 scribimus
931 430 974 466 ut
1001 421 1173 466 Wolfius
1211 431 1251 468 et
1283 425 1502 469 novissimi¹
1527 419 1702 469 editore?

253 495 313 538 De
344 494 475 536 altero
511 492 829 536 Choeroboscus
862 491 996 534 Cram.
1029 491 1080 533 11.
1111 493 1207 535 233.
1254 491 1433 538 κτεινύω
1465 492 1540 537 διὰ
1570 496 1651 550 τῆς
1699 499 1701 501 ’

254 564 326 606 καὶ
360 558 426 604 δι’
459 559 554 612 ἑνὸς
575 565 652 605 τοῦ
678 579 700 604 ν
731 561 841 604 κατὰ
862 559 1134 618 παράδοσιν·
1169 561 1217 604 τὸ
1245 562 1294 606 δὲ
1315 558 1626 606 ἀποκτιννύναι
1649 563 1690 604 ὁ(

253 649 331 675 του
362 649 377 674 ι
410 630 482 673 καὶ
513 630 586 672 διὰ
621 628 699 674 δύο
730 648 795 679 νν,
837 631 951 684 cujus
982 630 1257 673 distinctionis
1287 632 1395 674 ratio
1428 643 1511 675 non
1541 643 1695 712 appar«

253 714 386 758 neque
425 702 629 742 consentit
666 699 922 754 Phrynichus
956 713 995 755 p.
1025 699 1092 741 29.
1135 697 1421 743 ἇποκτινύναι
1461 696 1531 743 δι’
1565 697 1660 750 ενός

255 768 329 811 sed
358 768 470 824 optio
508 779 661 823 anceps
692 768 790 822 quia
827 766 981 808 nullum
1011 772 1075 808 est
1104 765 1315 821 exemplar
1352 769 1417 809 cui
1448 766 1627 823 perfecte
1657 779 1703 808 re

253 834 465 891 spondeat.
526 831 574 874 Si
605 846 630 875 a
659 832 762 876 τίνω
789 830 932 885 τίνυμι
964 845 1149 874 normam
1178 834 1374 888 petimus,
1410 833 1602 887 κτείνυμι
1628 846 1685 889 pr«

253 901 433 944 bandum
464 900 542 942 erit
568 912 594 941 a
618 897 770 942 κτείνω
800 898 982 949 ductum3
1014 900 1049 940 si
1082 895 1218 955 φώγω
1241 894 1440 955 φώγνυμι
1460 900 1684 943 conserimu

252 969 405 1010 rectius
434 965 639 1008 videbitur
668 962 898 1018 κτείννυμι,
929 965 1037 1021 quod
1063 966 1130 1020 qui
1148 972 1312 1021 propter
1330 965 1621 1022 diphthongum
1651 967 1703 1008 du

252 1035 349 1092 plici
380 1051 426 1076 νν
464 1034 738 1088 praemissam
775 1032 909 1073 minus
938 1031 1189 1087 probabant,
1231 1033 1284 1074 iis
1314 1038 1513 1087 promtum
1543 1037 1706 1075 erat've

254 1099 447 1152 κτείνυμι
466 1098 651 1141 scribere
678 1096 745 1140 vel
777 1096 981 1151 κτίννυμι.
1040 1097 1254 1140 Postremo
1274 1098 1368 1141 loco
1390 1111 1443 1141 ea
1460 1099 1709 1155 producend*

254 1173 359 1217 sunt,
390 1178 559 1222 quorum
582 1165 775 1219 cognatio
806 1177 896 1206 cum
925 1164 1064 1222 verbis
1086 1164 1357 1214 circumflexis
1386 1165 1619 1216 manifesta,
1650 1179 1695 1208 ε,

252 1225 461 1289 proportio
501 1244 650 1273 manca
676 1237 774 1279 est,
820 1228 974 1284 αιρέω,
1015 1227 1215 1281 αι’νυμαι,
1253 1230 1379 1274 κινέω
1409 1227 1633 1275 ὖποκινύω
1659 1237 1690 1257 ¹'
1699 1269 1704 1274 .

255 1297 441 1352 κίνυμαι,
473 1299 589 1352 cujus
619 1298 655 1338 si
683 1297 929 1352 primitivum
961 1294 1064 1338 κίνω
1093 1297 1136 1338 ιιι
1160 1309 1239 1338 usu
1267 1302 1392 1347 esset,
1421 1310 1592 1353 prorsus
1620 1253 1704 1340 nihi

255 1365 436 1419 differret
470 1377 495 1406 a
533 1362 636 1406 τίνω
675 1361 829 1415 τίνυμι.
890 1360 991 1403 Cum
1030 1358 1171 1418 ἇγρὲω
1211 1363 1472 1418 conjugatum
1508 1371 1571 1407 est
1597 1367 1707 1421 parti

253 1433 402 1488 cipium
441 1430 685 1473 defectivum
724 1424 940 1484 ἇγρυμένη
980 1430 1170 1483 captain
1205 1428 1367 1472 Anthol.
1396 1452 1455 1464 --
1495 1422 1683 1475 verboru

253 1503 296 1543 in
320 1517 401 1544 υιω
431 1501 512 1542 tria
533 1496 960 1552 affertTheog-nostus
978 1497 1071 1546 149,
1089 1496 1129 1538 4
1163 1493 1312 1546 ἆλυίω,
1341 1497 1531 1551 μεθυίω,
1563 1495 1710 1543 ὀπυίω

253 1566 363 1624 quod
387 1565 576 1608 Arcadio
605 1563 900 1606 restituendum
934 1577 970 1618 p
1001 1563 1095 1604 165.
1126 1575 1199 1618 pro
1226 1559 1404 1619 ἁρπυίω
1426 1571 1534 1614 (ιιοιι
1560 1563 1709 1609 ἀπυίω

254 1633 363 1689 quod
395 1621 629 1674 Ahrensius
661 1628 761 1672 Dor.
788 1642 825 1685 p
848 1628 951 1670 509.
981 1628 1186 1684 probavit)
1225 1629 1348 1685 idque
1385 1643 1507 1674 unum
1545 1632 1598 1675 ad
1629 1645 1718 1689 pro·

252 1702 427 1756 positum
456 1704 640 1741 nostrum
667 1697 844 1753 pertinet
870 1694 1016 1752 quippe
1048 1697 1089 1737 in
1117 1709 1330 1739 commune
1359 1703 1564 1754 receptum
1594 1698 1707 1773 idem

254 1779 341 1846 que
359 1777 659 1820 paragogum
649 1763 701 1805 ab
735 1760 868 1818 οιᾞφω

366 1889 401 1943 §.
429 1888 468 1929 5.
529 1886 743 1929 Catalexis
764 1902 836 1927 ww
865 1898 948 1928 non
974 1887 1176 1941 reperitur
1192 1886 1234 1928 in
1262 1886 1402 1929 verbis
1422 1886 1618 1931 derivatis
1639 1889 1719 1930 nis'

255 1955 427 1998 affectis.
484 1953 645 1995 Etenim
663 1952 795 1994 verba
815 1951 1022 1993 secundae
1042 1959 1081 1994 et
1109 1953 1256 1994 tertiae
1275 1954 1592 2008 conjugationis,
1621 1957 1723 2010 quo-'

252 2021 512 2063 rumnativa
541 2019 676 2061 forma
718 2015 986 2072 amphimacri
1015 2030 1248 2059 mensuram
1279 2018 1404 2061 habet
1443 2023 1551 2071 (nam
1584 2019 1728 2076 plera-‘3

253 2101 331 2144 que
348 2085 572 2140 trisyllaba
589 2085 701 2135 sunt)
732 2089 860 2125 metro
881 2082 1070 2137 adaptari
1088 2096 1169 2125 non
1183 2091 1354 2139 possunt
1375 2087 1456 2128 nisi
1484 2079 1728 2142 penultimas

253 2166 359 2210 quae
394 2155 437 2194 in
465 2159 636 2206 utroque
666 2162 820 2205 genere
850 2148 989 2191 brevis
1019 2156 1095 2199 est,
1124 2150 1335 2205 producta,
1363 2151 1406 2197 id
1435 2153 1543 2207 quod
1572 2161 1722 2208 poetae

251 2235 341 2266 non
365 2233 445 2264 uno
475 2219 596 2262 modo
626 2218 817 2268 efficiunt.
876 2216 1102 2260 Verborum
1130 2219 1251 2269 enim,
1281 2232 1387 2275 quae
1410 2227 1560 2269 natura.
1587 2223 1629 2263 in
1657 2234 1724 2265 οω·

252 2291 538 2337 terminantur,
580 2305 604 2331 ο
633 2289 789 2330 micron
827 2277 1004 2328 mutatur
1037 2288 1079 2328 in
1111 2303 1167 2337 (υ,
1209 2286 1259 2328 de
1295 2300 1376 2343 quo
1407 2288 1622 2343 postmodo
1657 2285 1720 2331 di-‘

254 2365 397 2401 cetur.¹
436 2356 586 2399 Eorum
611 2369 718 2413 quae
748 2357 790 2398 in
821 2372 899 2406 aco,
935 2355 1083 2412 duplex
1107 2362 1170 2398 ost
1199 2352 1491 2410 consol-mutim
1521 2363 1591 2398 aut
1611 2359 1721 2399 enim

255 2424 392 2480 alpha,
423 2424 630 2479 quodnisi
658 2423 901 2465 brevitatem
926 2429 1059 2473 exuat,
1090 2423 1411 2466 contractionem
1430 2421 1613 2479 effugere
1633 2436 1722 2466 non·

252 2498 408 2547 potest,
447 2503 528 2532 non
560 2496 811 2532 contractum
840 2491 989 2531 transit
1016 2491 1059 2530 in
1094 2488 1260 2542 longum
1292 2485 1582 2542 ἀναμαιμάει,
1619 2505 1720 2532 πει--

279 2731 282 2734 ,
342 2692 398 2736 12)
431 2691 553 2734 Quint.
578 2689 643 2725 lv.
668 2690 745 2726 510.
782 2691 889 2727 ἵπποι
910 2686 1340 2730 ποιπνὺεσκον--πόὸας
1362 2688 1400 2725 δ’
1425 2687 1625 2727 ὑπεκίνυον
1651 2688 1721 2738 0(ῧῇΧ

250 2759 336 2787 τως-
364 2749 431 2782 nisi
456 2747 651 2783 ὑπεκίνεον
675 2746 828 2791 scripsit.
