1728 3120
47 463 78 498 „1
244 446 247 448 ·
555 433 788 486 Pars
838 431 994 486 111.

82 559 99 627 }-
134 548 137 553 “
179 547 269 602 De
309 547 637 602 nominibus
678 550 894 602 tertiae
936 547 1369 603 declinationis.

21 731 53 866 ζ.
655 798 809 842 CAP.
852 798 883 841 l.

22 857 98 973 lit.
177 903 271 952 De
314 902 675 952 nominibus
719 902 785 951 in
833 891 899 961 ἶξ
945 902 1346 952 exeuntibus.

22 1005 56 1050 Ψ
137 1023 174 1079 §.
200 1024 239 1068 1.
282 1021 605 1076 Vocabulorum,
630 1038 738 1081 quae
754 1027 796 1068 in
816 1023 897 1068 hac
915 1023 1208 1080 disputationis
1223 1030 1340 1081 parte
1359 1030 1514 1067 tracta-

24 1072 138 1141 {rus
170 1103 283 1142 sum,
322 1090 429 1134 haec
457 1092 536 1134 erit
564 1092 731 1148 partitio
773 1098 815 1134 ut
845 1092 977 1148 primo
1010 1090 1106 1134 loco
1136 1103 1190 1133 ea
1222 1103 1373 1147 ponam
1404 1105 1512 1146 quae

23 1158 258 1203 'aesentis
289 1157 464 1200 formam
497 1157 566 1200 vel
603 1159 811 1213 integram
848 1158 916 1201 vel
955 1158 1039 1201 levi
1077 1157 1258 1214 quadam
1286 1160 1512 1201 mutatione

40 1224 258 1274 jntactam
283 1230 614 1282 repraesentant,
646 1224 830 1268 secundo
854 1231 1208 1281 paronyma‚·tum
1239 1237 1346 1281 quae
1378 1237 1513 1282 aequo

16 1319 52 1351 ‚u“
83 1290 177 1348 pari
199 1291 294 1346 Jure
325 1289 378 1333 ab
401 1298 573 1348 utroque
603 1291 717 1335 fonte
735 1292 869 1348 repeti
887 1298 1060 1348 possunt
1081 1290 1151 1334 vel
1168 1292 1294 1334 etiam
1311 1304 1338 1334 a
1353 1297 1514 1335 neutro.

41 1381 45 1395 -
72 1357 152 1414 =Jus
179 1357 376 1414 postremi
406 1358 576 1413 generis
605 1370 801 1401 numerus
829 1371 915 1401 non
944 1358 1140 1413 exiguus,
1172 1357 1346 1403 secundi
1377 1364 1514 1402 autem

91 1425 215 1482 primi
245 1422 356 1467 silva
383 1437 511 1481 prope
541 1425 746 1468 immensa
775 1431 840 1467 est
868 1431 908 1467 et
946 1437 1073 1481 saepe
1115 1431 1231 1467 tanta
1260 1424 1514 1480 ambiguitas

108 1503 149 1534 e
180 1489 408 1548 implicatio
439 1497 482 1533 ut
522 1491 696 1534 alterum
726 1491 816 1534 sine
849 1490 981 1534 altero
1022 1490 1224 1548 disputari
1254 1504 1337 1535 non
1365 1493 1514 1548 possit.

35 1634 97 1677 [ιι
139 1620 190 1668 de
220 1624 422 1683 prosodia
450 1631 490 1668 et
510 1624 804 1676 declinatione,
835 1631 1029 1681 quantum
1063 1637 1167 1681 opus
1196 1630 1272 1673 est,
1304 1624 1513 1679 adjiciam.

31 1737 34 1739 Α
62 1683 278 1752 erbalibus
313 1692 441 1748 igitur
471 1691 790 1735 adnumeramus
821 1695 928 1749 q'uae
962 1704 988 1733 a
1023 1689 1165 1733 verbis
1207 1690 1514 1746 congeneribus

18 1756 124 1820 Ιζ’ῆ18
149 1759 440 1802 terminatiane
471 1758 626 1802 distant
654 1758 759 1802 nihil
792 1759 942 1802 morati
967 1757 1143 1801 arbitria
1172 1770 1315 1800 eorum
1345 1759 1414 1815 qui
1446 1771 1515 1802 or-

28 1827 31 1829 ’
53 1835 66 1863 ι’
82 1838 122 1869 e
149 1826 319 1870 inverso
344 1825 480 1869 'verba
507 1825 743 1870 nominibus
775 1831 1006 1883 supponunt
1032 1832 1229 1882 tanquam
1258 1825 1374 1881 prius
1404 1826 1515 1868 natis
1568 1882 1573 1886 μ

26 1887 52 1905 ‘
97 1890 243 1936 Schol.
272 1891 320 1934 Il.
345 1891 415 1935 ΙΙΙ.
435 1892 503 1937 97.
535 1892 585 1937 ἐκ
612 1894 692 1936 τοῦ
722 1892 850 1943 κλέος
880 1891 993 1936 κλέω
1023 1898 1062 1934 et
1090 1889 1186 1933 EM.
1208 1890 1306 1941 726,
1325 1890 1393 1934 52.
1423 1887 1515 1935 ἀπὸ

48 1959 108 2018 ’μῦ
137 1959 303 2018 στέφος
331 1959 493 2016 στέφω,
523 1959 715 2016 idemque
742 1959 839 2010 319,
869 1958 908 2001 8.
940 1956 1068 2012 παρὰ
1096 1956 1146 2000 τὸ
1183 1954 1293 2008 ἐᾯος
1322 1955 1516 2012 γίγνεται

68 2104 181 2137 cus
214 2091 352 2136 Cram.
376 2091 426 2136 Π.
455 2091 555 2136 278.
593 2091 720 2148 παρὰ
761 2089 812 2133 τὸ
851 2089 982 2145 χρέος
1019 2088 1167 2145 γέγονε
1203 2089 1321 2146 χρέω
1359 2089 1434 2134 καὶ
1471 2089 1518 2134 ἐν

28 2191 32 2194 -
52 2158 296 2218 Visovoeou'cgs'
318 2157 467 2215 χρείω.
486 2160 525 2214 ι)
568 2157 675 2202 Nam
692 2158 916 2216 praevertit
933 2155 1149 2213 Apollonii
1169 2158 1396 2200 auctoritas
1417 2170 1518 2201 con-

26 2258 38 2278 2„
66 2229 79 2251 '·
116 2226 199 2269 'um
226 2227 428 2270 tenentis:
470 2221 562 2268 ἀπὸ
597 2227 679 2268 τοῦ
705 2224 791 2268 δέω
821 2222 897 2266 καὶ
924 2222 1038 2278 χρέω
1071 2220 1121 2264 τὸ
1153 2222 1255 2273 δέος
1285 2222 1359 2266 καὶ
1386 2224 1518 2279 χρέος

78 2299 148 2336 nt.
174 2291 247 2335 III.
279 2293 344 2344 15,
373 2292 472 2335 237.
506 2291 708 2334 κλείω-
727 2285 822 2344 ἀφ’·
854 2281 906 2332 οὗ
946 2287 995 2330 τὸ
1033 2287 1160 2339 κλέος
1190 2287 1289 2331 ibid.
1317 2289 1387 2339 32,
1416 2289 1516 2333 281.

49 2374 71 2397 ’ἰ
119 2359 235 2417 χρέω
260 2356 542 2416 παράκειται.
567 2355 616 2400 τὸ
644 2354 775 2413 χρέος
803 2351 866 2406 ὡς
892 2356 956 2411 τῷ
989 2351 1084 2398 &mo
1116 2353 1166 2398 τὸ
1198 2351 1309 2407 ἔπος
1338 2355 1389 2399 de
1410 2355 1517 2400 Λᾶν.

25 2437 30 2456 “’
57 2448 76 2485 ·'.
118 2418 128 2469 ¹.
159 2426 277 2486 eujus
301 2425 533 2470 sententiae
563 2423 750 2481 plerique
771 2420 1107 2477 subscripserunt
1135 2423 1434 2479 posteriorum:
1463 2422 1512 2466 τὸ

24 2562 71 2606 '⁸5
124 2571 160 2616 l)
192 2570 238 2607 R.
263 2569 474 2616 Stephanus
502 2569 540 2604 in
567 2569 674 2604 Thes.
701 2569 824 2604 statuit
849 2565 1016 2614 μήδομαι
1041 2579 1063 2602 8
1086 2567 1206 2613 μῆδος
1229 2567 1349 2613 potius
1374 2567 1518 2603 deriva-

129 2638 216 2663 esse
238 2638 345 2672 quam
371 2630 519 2667 contra3
552 2628 590 2660 ,η’
612 2627 735 2669 enim,
774 2625 904 2670 inquit,
938 2624 1057 2669 μῆδος
1082 2634 1129 2658 ex
1162 2620 1329 2670 μήδομαι
1359 2624 1519 2669 factum

20 2715 25 2720 .
74 2684 154 2727 bet,
194 2683 339 2730 quidni
370 2682 511 2717 tudem
548 2683 664 2727 μέδος
702 2693 751 2716 ex
791 2683 955 2729 μέδομαι
997 2679 1260 2716 haberemus?
1307 2681 1385 2717 Ceu
1426 2691 1518 2717 vero

112 2751 187 2776 sse
209 2739 258 2775 sit
281 2751 306 2774 a
327 2738 501 2775 similibus
523 2738 654 2775 similia
681 2738 794 2775 nasci.

39 2794 41 2804 ¹
103 2796 272 2824 Lobeck.
306 2794 447 2823 Technoi.
1195 2793 1250 2835 19
