1728 3120
243 162 341 207 314
649 152 1112 197 DISSERTATIO
1155 153 1304 198 xviii.

241 269 358 314 culus
397 266 449 309 ad
487 263 586 306 Hes.
619 261 721 320 Opp.
751 264 820 307 60.
852 264 950 310 ύδει
988 264 1100 310 κατὰ
1137 265 1456 322 μεταπλασμὸν
1492 264 1585 314 ἀπὸ
1629 271 1686 313 τῶ

240 336 304 387 εἷς
334 351 386 385 ας
416 330 658 388 οὐδετέρων
688 330 752 383 εἷς
779 350 849 384 ος,
878 332 988 385 ὕδας
1016 332 1141 385 ῧδος,
1172 337 1293 386 κιῦας
1321 337 1437 387 κῶος
1461 342 1507 382 α
1529 335 1692 382 Choerc

239 403 393 446 boscus
412 399 519 442 Dict.
534 398 630 442 376.
661 406 701 442 et
716 399 812 443 383
843 398 903 451 ὡς
931 403 1070 459 γῆρας
1096 403 1243 458 γῆρυς,
1273 401 1405 459 δέρας
1428 402 1568 459 δέρος,
1596 403 1687 448 oiim

242 466 378 523 ὁόρας
415 463 547 522 δόρος
589 465 664 510 καὶ
696 466 870 511 ἐκεῖθεν
904 464 930 524 ἡ
966 465 1119 524 δοτική
1160 465 1599 525 &per—amitino
1637 473 1713 527 τῆς

239 534 350 584 ῧδας
387 532 552 588 γίνεται
588 530 796 587 ῧὸος,39)
834 547 940 591 quae
976 535 1152 591 repetita
1189 541 1283 579 sunt
1321 536 1367 579 in
1392 533 1489 581 EM.
1518 535 1616 588 Q,
1644 537 1714 580 34.

239 614 318 644 nec
346 600 536 643 dissentit
564 602 740 657 scriptor
767 599 873 657 περὶ
905 604 1080 644 παθῶν.
1097 599 1193 643 ΕΜ.
1219 601 1316 653 639,
1336 603 1378 645 2.
1407 603 1498 646 sive
1525 603 1563 647 is
1582 603 1715 648 Hero-

242 669 391 711 dianus
421 666 498 709 fuit
525 668 614 710 sive
644 680 764 724 quem
794 667 867 711 ille
884 667 1010 711 multo
1040 669 1208 725 saepius
1228 667 1417 719 advocat,
1446 668 1556 713 idem
1579 668 1716 713 Choe-

239 734 465 779 roboscus:
497 729 558 783 ιῦς
581 733 707 792 παρὰ
727 734 776 779 τὸ
799 729 932 785 οὖδας
961 734 1124 790 γίνεται
1154 733 1204 777 τὸ
1225 730 1373 786 οὗδος,
1400 737 1540 796 γῆρας
1566 738 1716 794 γῆρυς,

242 804 360 852 κῶας
389 801 524 852 κῶος,
554 798 671 844 οὕτω
700 799 827 859 παρὰ
853 817 902 843 το
935 796 1016 851 όας
1042 795 1121 851 όος
1151 801 1226 844 καὶ
1255 796 1460 862 ἆμφώεις
1483 798 1716 862 (daupeins)

241 865 302 918 ὡς
333 861 452 916 εἶδος
484 862 674 924 εὐειδής,
712 881 792 924 quo
821 867 917 911 loco
944 880 1019 925 pro
1048 863 1327 912 thematicis'
1308 864 1396 920 οάς
1421 863 1500 920 οός
1528 868 1717 914 scriben-

240 935 335 978 dum
355 939 418 976 est
443 948 534 983 ωας
553 926 641 984 ὦος
672 934 861 990 idemque
885 937 927 978 in
945 933 1101 976 Parall.
1117 934 1214 977 225.
1241 936 1403 980 restitui
1435 935 1543 994 apud
1562 935 1714 982 Herod.

238 1004 357 1043 Μον.
388 998 454 1042 14.
487 993 592 1049 οὖας
623 999 796 1055 λέγεται
828 1000 902 1044 καὶ
931 997 957 1058 ἡ
992 999 1137 1058 γενικὴ
1168 996 1347 1053 ουάτος,
1377 1001 1452 1048 καὶ
1477 997 1559 1054 vag
1589 1000 1717 1049 ἔνθεν

237 1063 385 1117 όατος,
417 1064 491 1109 καὶ
511 1059 603 1115 ὤας
628 1063 755 1109 ἔνθεν
785 1061 928 1117 ὤατος
944 1070 1010 1119 ⁴⁰)
1036 1066 1111 1110 καὶ
1131 1064 1255 1118 ὠτός,
1286 1067 1360 1112 καὶ
1386 1064 1467 1120 ὂός
1494 1065 1574 1113 οὐκ
1597 1067 1718 1127 εἴρη-

237 1133 368 1188 μένον
394 1131 475 1185 μὲν
500 1132 950 1188 συνεσχηματισμένον
972 1132 1020 1177 δὲ
1049 1135 1113 1190 τῷ
1144 1129 1361 1190 ἇμφώης·
1389 1133 1460 1179 ubi
1481 1141 1576 1181 ante
1604 1131 1718 1185 ὠτός

239 1199 449 1243 excidisse
482 1197 614 1242 verba
644 1199 717 1242 καὶ
746 1194 805 1255 ὦς
840 1197 968 1243 ἔνθεν
995 1195 1146 1252 (ὠτός)
1175 1212 1374 1259 perquam
1409 1201 1623 1246 credibilis
1653 1208 1716 1245 est

238 1266 445 1309 Meinekii
483 1267 689 1308 sententia
727 1266 781 1308 ad
810 1264 988 1308 Theocr.
1017 1264 1049 1306 Ι.
1079 1265 1146 1308 28.
1186 1266 1262 1309 sed
1288 1266 1371 1312 hoc
1405 1267 1590 1313 admisso
1625 1267 1715 1311 fieri

238 1347 322 1378 non
349 1339 496 1390 potest,
526 1332 635 1389 quod
664 1332 773 1376 idem
801 1332 960 1383 suadet,
989 1338 1031 1375 ut
1060 1345 1240 1388 sequens
1268 1328 1347 1384 δός
1373 1340 1548 1379 mutetur
1568 1335 1611 1378 in
1641 1329 1714 1386 ὦς.

240 1400 380 1453 Quare
411 1395 499 1450 ὦος
526 1399 702 1456 praetuli
721 1399 830 1456 quod
849 1405 889 1442 et
914 1398 1090 1441 similius
1112 1405 1176 1441 est
1204 1400 1394 1456 apposito
1414 1401 1530 1455 κῶος
1554 1402 1600 1445 in
1616 1399 1713 1445 EM.

238 1474 279 1511 et
309 1467 363 1511 ad
393 1466 661 1509 derivandum
691 1462 881 1523 ἇμφώης
915 1464 1027 1508 haud
1062 1465 1203 1522 paullo
1243 1467 1399 1523 aptius3
1437 1479 1538 1527 nain
1571 1467 1624 1511 ab
1654 1463 1728 1519 139³

240 1530 352 1584 ὠτός
381 1533 567 1576 nascitur
596 1527 820 1589 ἔμφωτος,
852 1531 1021 1582 dicatos,
1055 1527 1210 1584 ἄωτος.
1267 1531 1314 1576 In
1336 1532 1423 1579 illis
1441 1540 1578 1581 autem
1599 1535 1716 1580 dica*

238 1600 422 1644 talexiae
453 1598 652 1656 exemplis
682 1597 793 1641 haud
820 1611 956 1657 pauca
980 1607 1074 1642 sunt
1100 1611 1207 1655 quae
1223 1601 1520 1656 grammaticae
1538 1600 1716 1646 fictionis

239 1668 516 1725 suspicionem
542 1664 792 1722 praebeant3
820 1679 918 1710 nam
947 1668 1095 1723 γῆρυς,
1125 1667 1253 1718 κῶος,
1283 1662 1415 1718 οὗδος
1437 1669 1603 1713 omnino
1630 1682 1715 1713 non

239 1734 433 1791 leguntur
468 1732 544 1776 sed
574 1745 699 1775 casus
733 1732 855 1776 modo
885 1732 1044 1790 obliqui
1080 1733 1160 1776 τοῦ
1187 1730 1350 1791 γήρους
1376 1734 1420 1777 in
1447 1747 1561 1778 vere.
1590 1734 1714 1780 Alex.

238 1807 316 1845 etc.
345 1800 534 1858 quodque
565 1800 609 1842 in
634 1797 731 1842 EM.
747 1799 815 1851 68,
839 1799 908 1842 20.
939 1798 1108 1843 affertur
1136 1798 1303 1850 σκέπος
1327 1798 1452 1859 παρὰ
1480 1799 1532 1845 τὸ
1561 1801 1715 1847 σκέπω

239 1866 314 1911 καὶ
349 1863 464 1910 καθ’
506 1863 842 1923 ὖπερβιβασμὸν
879 1866 1065 1918 πέσκος,
1103 1878 1187 1909 non
1219 1865 1398 1922 legimus
1436 1866 1514 1911 sed
1544 1867 1716 1921 σκέπας

238 1933 384 1984 modo,
421 1931 588 1983 πέσκος
617 1940 753 1976 autem
790 1935 869 1976 etsi
897 1931 1108 1977 Nicander
1143 1932 1194 1975 de
1235 1935 1388 1979 cortice
1421 1933 1543 1985 dixit,
1581 1934 1713 1980 nihilo

239 2001 379 2043 secius
398 1998 452 2041 ad
472 1999 595 2042 πέκω
615 1999 753 2049 πέκος
775 2002 947 2056 pertinet
971 1999 1023 2043 ab
1051 1999 1270 2043 arboribus
1301 2000 1356 2043 ad
1371 1999 1559 2045 homines
1576 2007 1714 2046 trans-

237 2066 366 2109 latum
395 2077 479 2108 non
497 2063 690 2107 licentius
720 2077 842 2121 quam
865 2067 968 2108 cutis
992 2064 1044 2107 ab
1076 2064 1221 2107 eodem
1241 2063 1384 2122 φλόος
1407 2066 1567 2118 dicitur,
1598 2065 1715 2112 ἄπο-

237 2132 464 2190 φλοιιῢσαι
491 2143 565 2187 pro
590 2129 799 2187 ἐκδεῖραι.
863 2130 1016 2188 Ψέφας
1045 2132 1149 2174 satis
1179 2138 1341 2176 constat
1357 2131 1586 2177 Herodiani
1606 2134 1713 2178 alio—

236 2211 405 2254 rumque
419 2197 666 2240 testimoniis
692 2197 767 2240 sed
781 2197 904 2241 valde
922 2197 1088 2240 dubium
1112 2204 1176 2240 est
1192 2197 1342 2255 ψέφος
1363 2200 1406 2242 in
1421 2197 1515 2243 EM.
1530 2200 1626 2252 818,
1643 2202 1714 2244 32..

329 2345 391 2389 39)
425 2344 546 2381 Etiam
577 2343 792 2389 Apollonius
825 2345 928 2391 Synt.
956 2343 999 2380 11.
1021 2344 1084 2387 29,
1112 2344 1189 2379 185.
1223 2356 1291 2391 pro
1325 2350 1459 2382 testato
1492 2345 1582 2388 ὕδος
1611 2349 1713 2394 ponit

239 2401 342 2446 ὕδας,
369 2401 429 2447 qui
454 2412 559 2436 casus
584 2400 720 2445 obliqui
744 2401 842 2436 illinc
866 2401 983 2446 repeti
1007 2405 1200 2446 nequeunt.

329 2457 392 2503 40)
423 2458 479 2494 Ab
505 2457 575 2492 hoe
595 2457 766 2503 genitivo,
794 2468 898 2503 quem
914 2463 950 2492 et
972 2456 1174 2503 Hesychius
1198 2459 1378 2503 cognitum
1393 2458 1527 2504 hahuit,
1554 2460 1711 2496 derivari

240 2516 355 2563 potuit
379 2511 504 2550 ὠαιόω
538 2517 575 2548 ut
606 2513 652 2548 ab
681 2510 847 2560 ὄμματος
873 2511 1045 2561 ὀμμαῑόω
1078 2518 1114 2548 et
1144 2513 1225 2548 hinc
1256 2515 1413 2551 futurum
1442 2513 1712 2563 αὖατωθήσομαι

238 2572 337 2618 quod
361 2571 550 2607 Porsonus
583 2569 863 2617 Glossographis
896 2570 1051 2606 restituit
1086 2581 1155 2615 pro
1189 2568 1409 2615 ὠατοθῆσω,
1443 2571 1481 2607 id
1510 2573 1605 2609 enim
1636 2585 1710 2609 non

241 2629 355 2664 minus
384 2627 549 2663 ordinem
583 2626 726 2662 excedit
760 2638 866 2673 quam
901 2623 1097 2674 μεληθήσω
1125 2632 1161 2662 et
1189 2627 1262 2663 alia
1289 2627 1394 2674 hujus
1417 2628 1559 2664 formae
1589 2628 1712 2666 sutura

239 2696 333 2729 quae
356 2683 556 2719 Ahrensius
573 2683 670 2720 Dial.
689 2683 782 2722 Dor.
801 2684 879 2722 289.
904 2683 1064 2723 obscuris
1079 2683 1288 2732 quibusdam
1306 2684 1579 2734 inscriptionum
1599 2686 1711 2727 vesti-

242 2741 309 2786 giis
333 2739 540 2786 approbare
565 2739 730 2777 intendit.
