1728 3120
222 169 321 216 346
651 159 1116 205 DISSERTATIO
1161 160 1259 204 XX.

221 276 450 335 mimmw)
507 275 587 318 Illa
616 280 710 317 sunt
735 273 951 331 Apollonii
979 273 1110 317 verba
1130 272 1179 316 11.
1197 271 1295 317 445.
1325 287 1404 331 quo
1433 274 1529 320 boo
1547 273 1693 318 Schol.

220 340 550 396 ὑποσμύχονται
587 343 877 398 interpretatur
914 336 1242 397 ὖποτύφονται,
1289 337 1612 387 &wadnam-cm
1649 341 1693 384 id

222 416 284 453 est
313 415 575 452 exaruerunt.
634 405 811 466 Πηρός,
851 406 961 463 quod
989 406 1063 449 ille
1094 407 1228 455 addit,
1267 420 1351 451 non
1380 408 1514 451 minus
1541 421 1694 464 vagum

220 483 261 519 et
290 475 487 518 infinitum
510 483 572 518 est
592 488 713 532 quam
744 471 935 524 σιπαλός
965 474 1054 516 sive
1085 472 1259 530 σιφλός,
1289 474 1400 531 quod
1427 475 1694 532 quixlptoprie

222 556 393 587 caecum
423 542 661 598 significare
694 541 968 591 affirmarunt,
995 542 1159 596 sequuti
1189 547 1280 584 sunt
1310 541 1604 597 etymologiam
1630 541 1696 584 fu-

219 610 334 653 tilem
364 606 388 652 ὁ
419 607 709 662 σεσινωμένος
749 607 850 658 τοὺς
878 605 1029 657 ἴλλους
1062 605 1204 651 Orion.
1237 608 1331 659 150,
1360 606 1427 651 14.
1466 606 1538 651 ubi
1565 605 1698 651 Hero-

223 678 372 720 dianus
411 676 646 719 nominatur
685 681 840 717 auctor.
890 670 1053 724 Ἀλαός
1091 688 1169 717 usu
1203 675 1339 731 magis
1377 686 1499 731 quam
1530 675 1698 717 tratione

221 743 400 801 quadam
429 744 652 799 perspicua
680 742 723 783 in
752 754 836 784 una
860 742 1026 784 notione
1058 743 1176 785 caeci
1206 741 1379 785 defixum
1408 747 1492 792 θεῖς
1518 754 1697 797 namque

222 818 389 867 etymon
421 822 565 866 parum
591 808 734 852 claret.
793 808 860 851 Ad
891 807 1207 863 significandum
1242 815 1393 852 mutum
1413 807 1590 852 Graecis
1617 821 1699 852 vox

223 878 399 935 simplex
436 890 519 919 non
550 876 723 932 suppetit
764 881 928 932 praeter
955 875 1260 930 glossematica'
1285 872 1430 927 ἑλλός,
1467 871 1631 927 μυττός
1659 881 1701 917 et

223 942 407 999 μυνόός,
444 956 541 986 nam
571 941 691 993 ε’νεός
731 943 879 986 dieitur
908 939 932 985 ὃ
964 941 1013 985 ἐκ
1042 944 1216 1000 γενετῆς
1246 939 1340 996 ἅμα
1369 957 1416 985 τε
1446 939 1598 999 κωφὸς
1628 939 1701 984 καὶ

225 1009 542 1067 ἀδιάρθρωτον
581 1006 887 1066 φθεγγόμενος
929 1008 1075 1052 Galen.
1117 1008 1168 1051 T.
1196 1007 1347 1051 XVIII.
1379 1007 1425 1051 P.
1453 1007 1506 1051 II.
1536 1006 1632 1052 750.
1661 1013 1702 1050 et

224 1090 518 1133 nonnunquam
537 1076 737 1132 stupidus.
795 1075 923 1131 Hujus
944 1076 1139 1119 vocabuli
1165 1077 1284 1131 origo
1299 1077 1387 1132 jam
1413 1075 1573 1133 pridem
1601 1079 1702 1118 eva—

223 1147 332 1196 nuit3
365 1144 443 1187 illa
479 1156 563 1186 non
592 1155 619 1185 a
650 1141 778 1185 verbo
806 1142 903 1196 μύω
940 1142 1128 1186 derivata
1156 1143 1368 1194 videntur,
1407 1142 1517 1200 quod
1545 1143 1702 1199 pariter

226 1213 277 1255 de
308 1211 441 1255 oeulis
469 1209 678 1265 labiisque
709 1208 870 1259 dicitur,
900 1209 977 1252 sed
1007 1224 1034 1252 a
1061 1223 1179 1261 sono,
1206 1210 1316 1267 quod
1341 1211 1460 1259 muti,
1492 1215 1537 1252 ut
1564 1207 1699 1251 Varro

227 1282 297 1331 ait,
328 1292 417 1322 ηοη
445 1278 626 1331 amplius
657 1289 783 1330 quam
810 1288 882 1318 mu
911 1278 1067 1319 dicunt.

341 1367 376 1422 ἓ.
407 1366 447 1408 5.
505 1364 658 1408 Verum
685 1378 769 1408 nou
798 1364 932 1407 solum
961 1363 1172 1408 vocabula
1196 1363 1374 1407 diversis
1408 1362 1600 1407 sensibus
1631 1375 1702 1406 as·-

227 1437 395 1491 signata
433 1432 636 1476 interdum
676 1431 920 1487 copulantur
957 1431 1179 1474 violentius
1217 1431 1293 1474 sed
1327 1430 1502 1474 aliorum
1541 1440 1728 1487 quoque³

226 1503 486 1559 reperiuntur
518 1511 744 1543 concursus
775 1498 968 1554 disjuncti
996 1505 1118 1555 atque
1149 1497 1327 1549 hiantes,
1358 1496 1467 1555 quod
1488 1495 1703 1540 >Rhetoriei

225 1570 374 1627 partim
414 1567 650 1622 elegantiae
690 1567 839 1622 partim
877 1566 1120 1608 necessitati
1161 1565 1299 1608 datum
1334 1577 1433 1608 esse
1454 1563 1702 1618 decernunt.

229 1635 392 1679 Etenim
424 1633 695 1690 acyrologiae
727 1632 831 1675 duas
858 1639 1013 1689 ponunt
1047 1633 1232 1690 species,
1263 1630 1566 1688 metaphoram,
1597 1643 1703 1688 quae

230 1703 285 1747 ad
314 1709 500 1746 ornatum
532 1707 709 1758 spectat,
742 1706 781 1743 et
812 1699 1074 1750 abusionem,
1105 1713 1211 1756 quae
1240 1713 1325 1743 non
1351 1697 1600 1758 habentibus
1629 1711 1705 1741 no-

231 1783 327 1814 men
359 1768 645 1812 accommodat
674 1781 724 1811 ex
742 1768 928 1824 proximo
960 1772 1133 1809 sumtum
1161 1765 1229 1810 vel
1258 1773 1302 1810 ut
1314 1764 1491 1824 Trypho
1523 1765 1621 1808 dicit
1653 1765 1704 1808 de

229 1836 357 1893 Trop.
391 1849 426 1879 c.
454 1834 504 1877 ΙΙ.
537 1835 632 1878 731.
665 1833 715 1877 T.
741 1833 848 1876 VIII.
877 1839 917 1876 et
947 1831 1123 1889 Gregor.
1155 1847 1190 1877 c.
1215 1832 1284 1876 III.
1311 1832 1406 1877 766.
1436 1831 1553 1884 λέξιν
1580 1840 1707 1885 μετε-

228 1902 486 1960 νηνεγμένην
525 1898 617 1946 ἀπὸ
655 1904 735 1946 τοῦ
773 1897 955 1957 πρώτου
993 1899 1403 1954 κατονομασθέντος
1437 1894 1604 1955 κυρίως
1634 1896 1709 1941 καὶ

229 1968 400 2023 ἐτύμως
433 1967 514 2024 ἐφ’
558 1968 706 2026 ἕτερον
745 1963 1128 2019 ἀκατονόμαστον,
1169 1964 1300 2017 πυξὶς
1325 1965 1485 2022 χαλκῆ,
1527 1960 1709 2022 ἄνδριοὶς

230 2030 446 2091 γυναικός,
476 2033 636 2090 ’νέκταρ
667 2031 884 2091 ἐῳνοχόει,
916 2033 982 2074 cui
1004 2030 1146 2074 Schol.
1166 2030 1431 2074 Phoenn.28.
1464 2031 1709 2088 aequiparat

231 2101 500 2158 compositum
540 2097 891 2154 ἱπποβούκολος,
935 2096 1175 2141 Eustathius
1208 2110 1310 2140 vero
1349 2110 1387 2154 p.
1428 2097 1532 2149 159,
1570 2097 1637 2140 38.
1667 2112 1706 2156 p.

230 2169 355 2219 1205,
390 2167 457 2209 50.
495 2165 634 2209 ἵπποι
671 2164 960 2220 βουκολέοντο
1003 2171 1043 2207 et
1088 2163 1357 2210 herodoteum
1400 2166 1494 2215 τοῖς
1533 2164 1708 2209 σκέλεσι

234 2230 542 2291 ἐχειρονόμησε
561 2231 641 2275 hoc
670 2238 733 2274 est
761 2231 906 2288 pedum
927 2231 1246 2285 gesticulatione
1276 2229 1557 2274 chironomiae
1578 2244 1709 2288 quan-

235 2303 331 2345 dam
367 2299 676 2343 similitudinem
714 2298 861 2341 effecit.
920 2297 1009 2341 Hoc
1047 2298 1170 2341 modo
1208 2296 1347 2340 dicere
1376 2310 1497 2341 nemo
1528 2311 1709 2357 unquam

234 2369 367 2413 noluit
394 2379 528 2423 neque
556 2367 686 2424 potuit
709 2367 807 2422 quin
835 2367 896 2408 ita
926 2365 1095 2408 diceret.
1152 2363 1329 2407 Perinde
1358 2365 1495 2408 tritum
1516 2372 1580 2408 est
1605 2379 1710 2424 pan-

233 2438 424 2481 tomimos
454 2435 647 2476 manibus
678 2435 816 2488 loqui,
847 2432 1071 2476 histriones
1101 2433 1263 2488 ineptos
1293 2433 1348 2490 τῇ
1373 2430 1488 2489 χειρὶ
1514 2431 1710 2477 σολοικί-

240 2504 337 2557 ζειν,
370 2501 582 2558 agrieolas
604 2501 783 2544 sarculis
812 2512 950 2543 arare.
1010 2497 1097 2542 Sed
1114 2498 1367 2555 reliquorum
1391 2497 1477 2541 alia
1504 2501 1612 2543 ratio
1632 2507 1708 2543 est.

328 2644 388 2687 26)
423 2639 554 2690 Πωρός
580 2640 607 2676 o‘
642 2637 795 2687 τυφλός,
815 2636 1057 2688 ‘nemincum
1085 2635 1307 2684 τετύφλωται
1339 2637 1440 2674 Suld.
1467 2636 1590 2687 πωρός
1620 2637 1710 2676 ὅθεν

240 2701 279 2737 τὸ
307 2703 536 2747 ταλαίπωρος
568 2695 669 2744 παρὰ
696 2695 760 2732 τὸν
789 2694 892 2740 πήσω
925 2697 1106 2742 μέλλοντα
1135 2692 1250 2741 πηρός
1279 2697 1343 2730 καὶ
1373 2691 1495 2742 πωρός
1523 2698 1639 2745 τροπῇ
1663 2695 1711 2737 ὠς

242 2756 367 2806 ἀρήγω
393 2754 535 2803 ἀρωγός
557 2753 646 2790 ΕΜ.
675 2753 720 2789 cs.
745 2751 879 2799 θημών
899 2750 1038 2798 θωμός,
1062 2753 1183 2799 βλῆμα
1205 2750 1349 2799 βλωμός
1370 2752 1490 2788 bolus.
