1728 3120
597 426 824 479 Pars
879 424 1007 478 lv.

65 561 70 568 “
110 586 138 601 v
161 548 468 608 vocabulis
509 567 786 606 sensuum
819 566 1139 623 eorumque
1165 551 1529 607 confusione.

2 860 8 871 ι
82 839 95 855 .
154 805 192 862 §-
223 805 263 866 1.
307 797 682 850 'Soloecismorum
713 806 794 850 duo
834 812 927 850 sunt
955 819 1136 862 genera,
1177 818 1300 848 unum
1323 806 1367 848 in
1395 806 1532 849 forma

0 891 6 931 g
28 870 268 934 ‘loquendi
294 875 487 931 positum,
518 873 694 918 alterum
723 875 766 917 in
796 874 1016 925 sententia,
1047 880 1088 916 et
1117 874 1329 930 utriusque
1360 874 1531 929 generis

2 989 7 992 ,
35 970 39 975 -
65 938 153 984 ud
183 941 410 999 scriptores
445 942 626 985 omnium
665 947 846 985 aetatum
887 941 1010 998 copia
1039 954 1125 984 non
1154 942 1320 996 exigua.
1378 939 1532 990 Verum

0 1027 89 1071 ,>
111 1007 157 1050 in
191 1008 280 1051 vita
315 1010 523 1053 communi
557 1022 642 1053 non
682 1010 754 1066 qui
795 1007 907 1052 idem
942 1014 1170 1064 peccarunt
1207 1006 1356 1050 eadem
1394 1020 1533 1064 poena

99 1355 173 1387 um
201 1345 314 1388 docti
348 1345 535 1400 faciunt,
573 1358 662 1389 non
699 1345 934 1388 soloecismi
964 1351 1173 1387 vocantur
1201 1346 1272 1388 sed
1309 1346 1532 1395 schemata,

99 1423 216 1455 orum
245 1411 423 1456 alterum
452 1419 518 1456 est
544 1413 635 1456 vitii
665 1425 839 1464 nomen,
870 1411 1046 1455 alterum
1071 1412 1248 1463 virtutis,
1279 1411 1355 1455 sed
1382 1413 1535 1455 utrius-

22 1468 41 1540 »37
99 1490 144 1531 e,
183 1479 222 1522 si
254 1485 467 1524 auctorem
505 1479 749 1531 sustuleris,
788 1478 1014 1522 discrimen
1050 1479 1220 1522 nullum.
1278 1477 1386 1522 Nam
1423 1478 1535 1536 quod

22 1488 274 1603 lgionysius
303 1546 355 1590 de
385 1546 566 1604 quadam
590 1546 852 1602 Thucydidis
880 1546 1122 1603 loquutione
1153 1546 1254 1590 dicit
1286 1560 1321 1589 c.
1341 1546 1410 1597 37,
1438 1546 1535 1590 907.

22 1607 175 1658 {meiito
191 1610 239 1658 εἷ’
261 1629 330 1666 τις
357 1610 404 1658 ἐν
433 1617 529 1665 τοῖς
560 1611 779 1671 σχήμασιν
810 1608 994 1666 ἀξιώσει
1022 1612 1190 1671 φέρειν,
1218 1609 1299 1657 οὐκ
1328 1611 1381 1657 ἂν
1410 1610 1538 1671 φθά-

31 1678 115 1725 &vot
144 1678 318 1732 πάντας
334 1679 438 1732 τοὺς
464 1679 783 1736 σολοικισμοὺς
803 1677 1007 1738 σχήματα
1038 1681 1196 1733 καλῶν,
1225 1680 1340 1724 valet
1364 1681 1415 1724 de
1443 1680 1538 1738 plu-

22 1746 174 1806 mribus,
203 1761 409 1806 unumque
433 1747 514 1793 hoc
531 1751 704 1793 interest
734 1748 845 1805 quod
862 1761 969 1805 quae
990 1747 1164 1792 classici
1181 1755 1328 1792 contra
1346 1748 1537 1804 regulam

37 1811 249 1867 dixerunt,
280 1814 334 1859 ab
365 1822 455 1860 arte
479 1815 671 1874 profecta
700 1815 934 1867 creduntur,
966 1828 1073 1872 quae
1104 1817 1174 1873 qui
1198 1815 1311 1860 infra
1341 1816 1538 1869 classem,

37 1881 100 1937 ‘ab
130 1883 313 1927 inscitia.
370 1882 488 1928 Haec
527 1885 638 1927 enim
670 1884 835 1939 magnis
872 1884 1055 1938 ingeniis
1098 1883 1273 1927 debetur
1300 1885 1540 1928 reverentia

38 1955 90 1994 >ut
122 1949 378 2008 ponderibus
418 1952 705 1995 examinentur
744 1950 843 1994 aliis
886 1963 937 1994 ac
975 1951 1098 1994 turba
1134 1950 1361 2007 ignobilis3
1403 1964 1539 2008 eaque

37 2017 253 2074 ,religione
275 2017 387 2065 ducti
408 2017 553 2062 Critici
583 2018 783 2076 quidquid
812 2019 855 2060 in
883 2019 974 2062 vitii
994 2018 1306 2062 similitudinem
1329 2026 1538 2074 vergeret,

34 2091 117 2130 ,aut
142 2083 370 2129 archaismi
398 2087 565 2130 nomine
594 2091 845 2130 excusarunt
875 2091 945 2128 aut
962 2084 1132 2128 dialecti
1163 2091 1234 2128 aut
1261 2084 1420 2141 figurae
1443 2100 1539 2143 pro—

31 2149 127 2211 3que
157 2152 596 2198 soloecismi‘nomine
627 2153 926 2197 substituerunt
964 2153 1180 2196 decentius
1214 2153 1541 2210 σολοικοφανές

30 2219 115 2264 ‘wel
142 2220 456 2271 σολοικοειδές.
480 2221 522 2273 ²)
581 2221 647 2264 Ac
679 2222 717 2263 si
749 2234 852 2264 vera
882 2226 946 2263 est
982 2219 1060 2262 illa
1090 2219 1329 2276 philosophi
1360 2220 1539 2264 nobilis-

22 2286 144 2334 ”ssimi
185 2287 362 2338 edictio,
403 2299 507 2344 qua,
545 2288 746 2346 quidquid
787 2288 860 2338 sit,
899 2287 1107 2331 rationale
1145 2287 1296 2330 ducere
1333 2286 1540 2342 jubemur,

31 2347 202 2414 Equanto
233 2355 409 2411 aequius
438 2355 600 2398 videtur
627 2363 670 2399 ut
704 2356 863 2407 omnia,
904 2367 1012 2411 quae
1050 2354 1236 2398 illustres
1281 2355 1539 2411 antiquitatis

31 2507 37 2516 ’·
63 2526 65 2531 ·
142 2505 178 2550 1)
210 2506 425 2551 Anonymus
447 2505 483 2540 in
510 2505 629 2541 Cram.
655 2505 789 2542 Anecd.
816 2505 858 2540 T.
885 2504 948 2541 lv.
973 2504 1053 2540 271.
1089 2504 1127 2542 τὸ
1152 2506 1365 2546 σολοικίζειν
1390 2503 1541 2550 ἐνιαχοῦ

20 2578 24 2585 ·
49 2560 239 2604 ἀττικίζειν
262 2561 374 2598 ἐστίν.

140 2619 179 2664 2)
213 2619 274 2655 Ad
307 2617 443 2666 odyss.
476 2618 541 2655 XI.
577 2620 632 2656 76.
668 2618 767 2667 σῆμά
798 2633 862 2665 μοι
880 2621 993 2667 χεῦαι
1025 2618 1158 2667 ἀνδρὸς
1190 2616 1385 2663 δυστήνοιο
1415 2618 1540 2653 Schol.

19 2682 35 2703 '=
51 2674 177 2724 σχῆμά
201 2677 277 2713 ἔστι
300 2678 578 2725 σολοικοφανές.
633 2677 709 2714 Οὐκ
735 2678 812 2714 ἔστι
835 2676 908 2726 γὰρ
933 2681 1122 2714 κατειπεῖν
1145 2678 1218 2713 ταῖν
1243 2674 1337 2712 οὕτω
1363 2685 1541 2722 σχηματι-

19 2726 218 2780 ’πζομένων
248 2733 488 2781 σολοικισμὸν
509 2731 532 2781 ’ἢ
554 2733 821 2785 βαρβαρισμόν.
870 2737 1045 2784 Κέκριται
1075 2734 1117 2771 δὲ
1151 2733 1404 2780 σολοικοφανῆ
1428 2733 1542 2768 ταῦτα

31 2792 179 2828 ’καλεῖν
206 2791 302 2838 (καὶ)
327 2789 505 2840 σχήματα.
