1708 3126
306 181 410 226 GM».
434 181 485 225 11.
545 180 617 224 DE
650 182 849 227 VERBIS
880 181 1235 227 LABIALlBUS.
1452 188 1517 234 73

138 308 341 341 caseum
369 295 579 354 quoddam
612 295 750 347 σκέω,
788 297 896 340 unde
933 293 1068 353 σκευή
1089 299 1152 351 ⁷),
1186 297 1316 348 σκιά,
1346 295 1514 351 σκοιός,

152 360 164 377 ’
199 364 380 408 arcessit
409 362 606 419 neglecta
633 361 834 419 Hesychii
861 364 1013 420 glossa
1043 364 1144 409 Κέω
1173 363 1365 422 σκέψαι,
1406 378 1514 423 quae

121 460 128 464 -
172 465 184 484 ,
210 437 254 475 ut
280 443 391 475 nunc
414 437 500 482 est,
531 430 690 474 nullum
720 444 839 474 usum
868 431 1053 488 praehet
1099 429 1188 475 Nec
1214 432 1384 476 multum
1413 446 1515 477 con-

91 486 375 550 Buttmanni
403 499 670 554 conjecturae
701 498 864 555 πρέπω
902 512 928 541 a
961 499 1087 555 πέρω
1121 501 1347 556 repetentis
1376 499 1514 544 Lexil.

79 622 81 626 Ι
197 563 326 610 “Eme
359 571 400 609 et
430 564 572 610 ἐνέπω
607 572 692 609 tam
722 565 900 641 simplici
937 572 1089 610 natura
1117 574 1310 610 constant
1337 574 1379 611 ut
1408 567 1513 612 nihil

43 628 115 666 Τ
145 645 197 677 us
233 639 471 690 quaeratur.
530 630 709 676 Σκνίπω
748 634 838 676 sive
869 631 1067 677 σκνίπτω
1102 646 1194 676 cum
1234 632 1350 678 κνάω
1381 633 1512 689 κνίζω

104 759 108 761 ‚
144 706 235 744 aret.
275 699 371 744 Jam
392 707 436 744 ut
462 700 518 743 ad
540 699 619 743 illa
636 702 822 751 veniam,
849 713 956 756 quae
983 699 1144 743 duabus
1168 702 1397 745 innituntur
1411 715 1513 746 con-

93 764 160 820 3⁶8,
187 763 358 812 θάλπω
387 779 479 812 cum
504 765 753 824 θαλυκρός,
782 762 975 824 ἆλυκρός
1005 774 1045 810 et
1075 781 1166 810 cum
1196 765 1308 814 ἇλὲα
1333 769 1511 823 (Parall

115 841 158 878 et
179 834 278 879 127.
308 833 508 890 Prolegg.
526 833 645 887 345.)
675 839 831 876 tantam
860 833 988 876 habet
1012 834 1332 889 significationis
1361 836 1511 879 simili-

73 915 202 961 nem
246 907 288 946 ut
329 915 405 960 pro
451 906 631 957 cognato
673 900 821 943 haberi
864 902 1010 957 possit.
1079 901 1261 946 Μέλπω
1303 902 1511 946 Pindarus

127 990 149 1007 :f
191 969 378 1025 μολογεῖ
406 982 532 1026 quum
555 968 656 1011 dicit
681 965 835 1023 μολπὴ
859 967 1029 1021 μελέων
1052 965 1119 1010 01.
1136 966 1192 1010 Χ.
1211 968 1281 1011 99.
1317 966 1510 1023 Λάμπω

76 1080 78 1082 ,
77 1037 107 1073 '·
148 1048 176 1080 a
200 1032 295 1079 λάω
325 1034 497 1080 λεύσσω
522 1031 728 1092 γλαύσσω
754 1033 987 1086 defluxerit,
1017 1048 1101 1078 non
1131 1035 1299 1079 dubium
1321 1035 1511 1087 habetur,

104 1115 231 1147 raro
267 1104 314 1146 in
346 1115 471 1146 unum
507 1100 716 1147 confluunt
759 1102 950 1158 utrinque
992 1102 1183 1146 derivata
1221 1100 1433 1161 λαμπρός
1470 1110 1512 1146 et

20 1155 89 1234 ¹⁴
84 1165 176 1222 κός
211 1183 251 1214 v.
284 1167 457 1214 Jacobs.
499 1169 554 1213 ad
596 1168 717 1211 Anth.
754 1168 840 1211 559
868 1182 931 1225 sq.
988 1168 1131 1213 Latini
1167 1170 1287 1214 verbi
1321 1183 1507 1225 carpere,

21 1235 44 1249 ''
112 1249 317 1294 graeco
347 1233 509 1295 κάρπω
545 1237 743 1294 apposui,
782 1236 952 1280 brevior
980 1237 1118 1281 forma
1151 1245 1263 1282 extat
1291 1251 1434 1282 carere
1465 1238 1509 1281 id

20 1298 84 1364 f}
90 1305 346 1349 carminare
367 1303 459 1356 vel,
488 1310 532 1348 ut
559 1305 801 1360 germanice
832 1304 1002 1357 dicitur,
1031 1307 1329 1350 kardaetschen
1359 1319 1386 1349 a
1413 1318 1510 1350 car-

44 1366 49 1374 *
67 1403 107 1427 ‚
136 1371 309 1430 quibu
319 1371 375 1416 ad
395 1384 490 1415 eam
509 1384 599 1417 rem
627 1379 793 1415 utuntur
818 1371 986 1416 lanarii.
1032 1372 1139 1417 Hinc
1169 1386 1334 1417 sursum
1363 1379 1510 1417 euntes

84 1453 328 1499 commune
362 1438 430 1482 his
464 1439 656 1483 omnibus
691 1439 935 1483 deducimur
967 1442 1217 1498 primitivum
1246 1437 1400 1498 κείρω,
1440 1442 1510 1484 cui

42 1503 61 1522 ‘²'
102 1508 159 1552 ιιι
179 1507 436 1552 addiderunt
470 1506 674 1551 labialem
711 1513 755 1550 ut
782 1505 928 1562 κρούω
962 1521 1110 1564 crepo,
1151 1505 1331 1551 σκάλλω
1361 1507 1510 1564 scalpo

57 1574 269 1622 :sonasse
302 1574 458 1618 Graeci
487 1575 591 1632 ipsi,
623 1575 660 1617 si
690 1576 864 1630 κρῶβος
894 1581 934 1617 et
964 1575 1156 1633 κρωβίον
1185 1576 1275 1618 sive
1307 1572 1510 1632 κρωπίον

147 1644 237 1687 sive
273 1644 436 1686 securis
481 1647 594 1684 recte
631 1641 713 1684 huc
753 1641 986 1684 referimus
1051 1641 1215 1697 Τέρπω
1255 1640 1510 1686 Philoxenus

42 1710 154 1783 git
182 1711 228 1754 ιιι
247 1709 361 1754 libro
391 1708 444 1752 de
473 1721 666 1752 sermone
693 1706 976 1752 Romanorum
1003 1706 1099 1751 ΕΜ.
1125 1708 1229 1760 737,
1251 1708 1320 1752 20.
1353 1705 1398 1753 οἶ
1428 1703 1511 1766 ἆρ-

70 1780 139 1823 ὀι
164 1775 221 1822 τὰ
247 1775 333 1832 μὲν
361 1772 478 1834 ἇηδῆ
510 1774 586 1819 καὶ
607 1774 788 1832 λυπηρὰ
818 1772 912 1819 ἀπὸ
940 1777 1027 1819 τῶν
1050 1777 1234 1833 ψυχρῶν
1259 1773 1510 1830 ὠνόμασαν,

103 1846 280 1902 στυγεῖν
317 1841 410 1889 ἀπὸ
449 1845 529 1901 τῆς
564 1842 731 1924 Σξυγος
764 1841 883 1901 ἥπερ
921 1840 1205 1900 ψυχρότατον
1244 1839 1334 1897 ε’χει
1371 1840 1509 1901 ὕδωρ,

41 1896 53 1934 ⁸·
116 1911 172 1957 τὸ
185 1908 343 1971 φόβος
370 1906 570 1968 κρυόεις
601 1906 692 1954 dud
717 1910 767 1955 δὲ
790 1912 878 1953 τῶν
901 1911 1085 1968 θερμῶν
1109 1908 1187 1967 τὴν
1210 1909 1372 1968 τέρψιν
1393 1910 1510 1953 θαλ-

20 1955 80 2035 'j'
103 1975 174 2036 ἦν
198 1975 350 2041 &leym
373 1976 450 2022 καὶ
477 1976 528 2022 τὸ
551 1976 806 2035 τέρπεσθαι
836 1974 1068 2021 ἰαίνεσθαι
1089 1979 1142 2030 ⁸).
1185 1976 1266 2022 Hic
1292 1990 1396 2033 ergo
1425 1990 1511 2021 non

22 469 50 518 Ι

22 536 119 645 !;³÷·-

22 674 49 717 Η

22 743 48 782 ι

22 808 83 848 ιι

21 876 44 913 ι

21 946 44 982 ι

21 1012 45 1049 ι

21 1085 47 1116 t

21 1149 27 1187 ι

20 1693 28 1860 τιν-ν,
20 1422 28 1646 -ν-,η-

39 1828 67 1865 θ·

25 2117 27 2120 ’
99 2115 164 2161 ·-)
188 2116 333 2163 βροτῷν
357 2118 425 2150 etc.
461 2113 552 2150 dico
584 2115 710 2160 iqitur
742 2122 878 2147 omnes
909 2110 1001 2147 hinc
1028 2114 1266 2159 proyem‘tos
1298 2123 1403 2154 esse,
1438 2111 1509 2147 hoc

59 2188 62 2199 ‹
98 2184 146 2208 ex
170 2183 245 2208 ovo
270 2171 487 2220 primigenio
518 2170 618 2215 quod
650 2170 688 2204 in
713 2170 809 2205 Avv.
835 2168 914 2204 695.
949 2169 1166 2205 celebratur.
1216 2169 1293 2205 Sed
1320 2168 1406 2214 quid
1431 2174 1508 2204 tan-

77 2246 90 2260 ἰ
125 2233 182 2265 est
204 2228 294 2264 illud
317 2227 417 2275 apud
441 2226 663 2273 Hesychium
687 2229 869 2271 Λαπῆναι
895 2226 1148 2271 λαπισθῆναιὲ
1184 2227 1218 2261 A
1241 2224 1366 2261 λάπτω
1393 2226 1507 2272 glutio

77 2293 200 2329 asse3
222 2294 306 2321 nam
325 2286 524 2332 λαπίκτρια
548 2282 676 2318 dicitur
701 2282 723 2328 ἡ
750 2285 916 2319 θέλουσα
941 2282 1176 2330 εὐωχεῖσθαι,
1204 2285 1424 2324 λαπίζεσθαι
1447 2294 1508 2317 au-

67 2360 81 2373 ι·
115 2343 155 2379 τὸ
178 2338 485 2386 ἀλαζονεύεσθαι,
511 2340 712 2375 heluationi
734 2351 827 2376 vero
851 2340 1049 2386 conjuncta
1071 2352 1155 2376 esse
1179 2341 1275 2376 solet
1300 2340 1508 2375 divitiarum

79 2399 271 2484 potentiae
303 2397 502 2434 ostentatio
537 2403 574 2432 et
599 2396 801 2443 jactantia,
838 2397 937 2432 unde
971 2403 1027 2432 est
1057 2398 1120 2432 illa
1147 2397 1298 2433 Cleonis
1334 2397 1371 2432 ιιι
1394 2397 1508 2432 Arist.

103 2454 216 2493 354.
243 2455 364 2492 oratio
390 2452 548 2492 θύννεια
579 2453 703 2521 θιερμα
728 2453 1016 2502 καταφαγών-
1031 2454 1254 2500 κασαλβάσω
1280 2452 1364 2494 τοὺς
1395 2464 1507 2502 στρα-

61 2509 170 2559 οὖς,
194 2510 379 2561 λάβρακας
401 2510 632 2559 καταφαγών
656 2514 866 2556 Μιλησίους
888 2510 1054 2555 κλονήσω
1081 2517 1149 2547 etc.

109 2571 150 2616 7)
179 2570 285 2606 Hanc
316 2569 607 2615 qualemcunque
638 2568 886 2614 conjecturam
910 2568 1046 2604 stabilit
1080 2567 1348 2613 quodammodo
1373 2576 1507 2600 nomen

85 2623 203 2674 οθῆκη
225 2627 263 2662 ιιι
291 2625 405 2662 Inscr.
430 2627 580 2672 Corcyr.
606 2638 642 2661 n.
671 2625 769 2661 1838.
792 2625 826 2660 b.
854 2631 891 2659 et
915 2623 1079 2666 σκιάζειν
1102 2627 1139 2659 in
1164 2624 1278 2658 Tenia
1306 2634 1338 2657 n.
1366 2621 1470 2657 2344.

39 2697 44 2709 ⁶
110 2683 150 2729 8)
181 2683 268 2720 Sch.
305 2683 413 2720 Pind.
445 2682 490 2720 P.
517 2682 579 2719 lX.
598 2682 655 2719 65.
691 2697 734 2718 τα
763 2682 884 2727 ἀπηνῆ
917 2686 992 2721 τοῖς
1022 2685 1182 2734 ψιχροῖς
1215 2676 1507 2727 παραβάλλουσι,

89 2740 133 2778 δὲ
155 2742 318 2790 προςηνῆ
348 2744 423 2780 τοῖς
454 2744 613 2790 θερμοῖς
643 2739 705 2776 δια
738 2739 803 2784 τὴν
831 2741 1039 2786 γενομένην
1070 2731 1252 2784 διάχυσιν.
1302 2736 1508 2782 Hesychius

58 2801 112 2836 ΙΙἰιι
137 2798 272 2846 διαχέαι
298 2799 516 2847 θερμαίνω·
543 2795 585 2836 τὰ
610 2795 683 2846 γὰρ
708 2798 870 2846 προςηνῆ
893 2801 969 2837 τοῖς
993 2799 1150 2845 θερμοῖς
1172 2796 1414 2843 παρέβαλλον.

19 2203 61 2246 f:

19 2262 62 2301 l

19 2315 58 2361 f

19 2372 54 2417 l

19 2424 60 2458 'b

19 2492 67 2636 ἱ,
