1728 3120
65 166 74 179 1?

63 181 72 194 ν

57 275 60 285 “
99 269 240 330 -ὃρίων
261 275 327 326 ¹⁹)
357 272 434 317 sed
462 271 704 317 Herodiano
727 272 868 328 judice
898 287 948 316 π.
978 274 1096 315 Μον.
1123 285 1162 329 p.
1191 271 1260 315 40.
1291 269 1341 315 τὸ
1375 271 1523 329 κρίνος
1553 273 1604 318 ἑκ

113 341 195 385 σοῦ’
224 339 373 399 κρίνον
398 337 781 396 μεταπεποίηται,
812 339 921 396 quod
950 338 1047 395 ideo
1081 340 1279 382 statuisse
1311 339 1475 383 videtur
1503 341 1603 398 quia

114 404 263 464 κρίνον
282 419 428 451 onmes
447 419 574 451 casus
593 405 732 457 babet,
763 406 866 449 illud
886 406 990 450 duos
1021 406 1144 449 modo
1176 405 1369 463 obliquos
1386 420 1425 450 v.
1442 405 1600 451 Parall.

50 527 52 530 y
82 502 86 503 ν
111 472 210 517 117.
246 486 326 518 nec
362 474 558 533 μέγαρος
595 475 800 530 reperitur
833 480 1000 530 praeter
1034 474 1260 528 genitivum
1299 473 1528 531 μεγαρέων
1556 475 1600 517 in

80 548 87 594 j
111 538 346 598 Sophronis
373 541 492 592 loco,
535 553 656 598 quem
686 539 818 598 Epim.
849 539 988 583 Cram.
1017 539 1048 582 I.
1077 540 1174 595 277.
1207 554 1299 584 cum
1328 538 1444 584 θύον
1471 538 1600 593 θύος,

8 615 12 618 ’
48 619 82 714 ἴ»
110 606 292 666 δένδρον
311 607 493 665 δένδρος
522 608 695 659 confert,
729 607 803 651 alii
832 607 1010 651 forsitan
1034 607 1294 665 metaplastis
1317 607 1601 652 adnumerent.

47 710 60 730 ,Α
110 671 200 718 Sed
234 675 604 733 quomodocunque
634 688 704 718 res
735 689 781 718 se
812 674 961 725 habet,
1007 674 1203 732 μέγαρον
1232 681 1344 718 certe
1381 676 1600 734 primatum

54 730 60 757 ²
109 740 268 786 obtinet
296 742 351 786 ab
372 741 579 799 adjectivo
596 742 735 798 μέγας
752 743 995 786 derivatum.
1053 740 1116 784 De
1139 743 1291 786 ceteris
1310 755 1432 786 nemo
1454 749 1600 787 contra

44 801 58 856 2³²³
109 807 220 853 dicet
248 811 347 867 quin
375 809 524 854 eodem
556 811 754 867 temporis
782 810 962 865 vestigio
990 815 1112 865 atque
1146 821 1228 852 uno
1259 811 1383 865 quasi
1412 817 1532 867 partu
1560 817 1602 854 et

48 879 57 923 Ϊ
106 879 277 933 generis
313 878 448 922 neutri
486 890 638 921 nomen
678 877 746 920 edi
775 877 953 934 potuerit
993 882 1034 919 et
1071 874 1346 919 masculinum
1381 877 1450 920 vel
1478 877 1601 920 femi-

48 940 55 959 ’“
105 945 259 988 ninum.

219 1011 256 1067 §-
286 1010 329 1055 4.
387 1009 438 1054 Si
467 1012 559 1068 quis
601 1017 736 1053 autem
767 1015 895 1064 neget
932 1008 1065 1052 verba
1100 1010 1394 1066 perispomena
1432 1010 1599 1054 excludi

0 1101 5 1119 ‚
46 1069 53 1113 ἶ
104 1084 309 1136 oportere,
337 1079 438 1136 quia
461 1077 544 1122 hoc
572 1077 762 1120 subsidio
793 1076 927 1119 demto
958 1070 1105 1131 ἄλγος,
1137 1070 1275 1133 ὅρκος
1301 1083 1343 1120 et
1373 1076 1462 1121 alia
1488 1078 1596 1122 solvi

0 1163 3 1170 ·
103 1154 324 1205 nequeant,
348 1142 407 1192 vac
436 1148 474 1191 si
503 1146 680 1190 eandem
708 1145 760 1189 oh
783 1158 955 1189 causam
985 1145 1193 1202 adJectiva
1221 1147 1266 1189 in
1292 1135 1350 1202 ’ἧς’
1375 1153 1416 1190 et
1440 1137 1493 1198 υ-ς
1521 1147 1597 1190 fin-

0 1217 6 1258 ¹,
47 1224 70 1254 2.
102 1227 205 1272 gere
233 1221 411 1273 perstet,
448 1215 486 1258 is
519 1214 702 1258 fortasse
736 1212 803 1255 his
842 1213 1042 1256 remediis
1082 1212 1271 1257 diffidere
1312 1215 1485 1271 incipiet
1522 1214 1594 1258 ubi

34 1283 49 1341 Ἰι’
102 1284 332 1340 respexerit
351 1283 560 1338 ingentem
589 1294 801 1324 numerum
826 1279 1126 1324 vocabulorum
1157 1294 1264 1337 quae
1292 1281 1410 1324 nulla
1431 1283 1595 1326 ratione

103 1349 291 1407 expediri
326 1356 512 1408 possunt.
572 1348 677 1401 Quis
715 1349 823 1391 enim
857 1347 1098 1392 Herodiano
1127 1346 1224 1390 EM.
1263 1348 1408 1392 credat
1443 1362 1595 1393 nomen

40 1438 43 1439 ⁷
100 1416 286 1472 βεῦδος,
315 1430 397 1474 quo
425 1429 510 1461 non
539 1413 762 1460 ἐνεύναιον
796 1415 1056 1472 significatur
1084 1415 1160 1458 sed
1192 1417 1320 1459 vestis
1351 1423 1391 1459 et
1421 1430 1474 1460 ea
1500 1430 1596 1474 pre-

31 1502 35 1511 τ
100 1484 214 1528 tiosa
245 1490 288 1527 ut
313 1483 497 1535 videtur,
537 1496 565 1526 a
594 1482 725 1527 verbo
756 1481 899 1527 εὕδειν
939 1483 1170 1526 derivatum
1200 1485 1327 1526 esse?
1369 1490 1439 1527 aut
1470 1482 1597 1539 ἔγχος

101 1549 230 1608 παρὰ
257 1549 308 1596 τὸ
337 1548 450 1606 ἔχειν
478 1549 596 1594 Eust.
625 1563 664 1607 p.
693 1550 817 1599 1393,
850 1549 919 1592 38.
960 1557 1030 1593 aut
1061 1548 1183 1600 ἔτνος
1212 1549 1338 1605 παρὰ
1369 1548 1420 1593 τὸ
1455 1549 1513 1594 ἕω
1544 1550 1594 1593 τὸ

42 1646 43 1649 =
103 1613 291 1661 ἀπολύω
318 1616 423 1661 Lex.
456 1618 507 1661 de
527 1615 637 1674 Spir.
657 1616 755 1659 219.
789 1616 957 1673 aliaque
987 1617 1114 1671 longe
1145 1616 1255 1660 ultra
1277 1615 1444 1660 Thulen
1472 1630 1595 1674 repe-

99 1685 188 1728 tita.
247 1683 410 1736 Quibus
433 1698 518 1728 non
547 1693 752 1741 antepono
769 1682 1004 1727 Buttmanni
1036 1685 1316 1739 conjecturam
1348 1681 1483 1741 κρύος
1501 1697 1594 1728 cum

23 1794 26 1795 γ
100 1754 177 1811 κρῖ
204 1753 268 1797 sic
303 1759 347 1796 ut
374 1755 532 1796 horror
567 1757 608 1795 et
638 1752 840 1794 hordeum
865 1751 1055 1808 idemque
1087 1764 1180 1794 cum
1210 1747 1405 1807 ὀκριόεις
1434 1764 1594 1807 cogna-

99 1826 184 1864 tum
213 1833 310 1864 esse
340 1818 477 1863 Lexil.
502 1818 534 1862 1.
555 1817 651 1862 198.
683 1825 723 1861 et
752 1818 960 1862 diversum
992 1817 1242 1861 Schneideri
1271 1817 1468 1874 placitum
1497 1832 1593 1863 ver-

99 1886 197 1932 bum
217 1884 336 1945 κρύω
356 1887 563 1943 fingentis.
622 1884 710 1928 Sed
731 1887 767 1928 si
788 1885 894 1929 haec
914 1898 1078 1942 quoque
1099 1886 1447 1937 concesserimus,
1474 1885 1592 1930 illico

99 1961 369 1999 succrescent
397 1953 486 1998 alia
509 1954 633 2011 quasi
662 1959 855 1996 excetrae
877 1950 1098 1995 Lernaeae
1116 1953 1280 2008 capita:
1310 1949 1480 2010 βράγχη
1499 1952 1592 2008 plu-

98 2021 205 2074 rale,
236 2021 401 2078 γέλνθς,
435 2017 581 2070 ἔθνος,
611 2016 749 2076 ἔρνος,
782 2016 901 2070 ἔτος,
933 2016 1122 2073 κόμπος,
1152 2018 1264 2069 πέος
1292 2015 1491 2075 (ndo-9⁷7)
1521 2019 1594 2077 ῥέ-

98 2092 208 2139 θος,
245 2087 407 2139 σπέος,
446 2090 598 2144 τῖφος,
640 2085 771 2143 κίφος
809 2099 992 2130 coronae
1030 2098 1187 2141 genus3
1230 2098 1338 2142 quae
1383 2084 1437 2128 ab
1479 2088 1591 2129 omni

272 159 318 203 P.
338 158 409 203 111.
442 159 488 205 C.
504 158 534 202 1.
582 157 652 202 DE
679 156 874 202 NOMIN.
905 156 1071 201 TERT.
1103 156 1262 200 DECL.
1294 157 1350 201 IN
1380 150 1441 210 ο-ς.
1499 163 1602 211 299

95 2154 316 2200 verborum
347 2160 388 2198 et
424 2154 633 2197 nominum
665 2154 866 2198 societate
909 2155 1097 2210 seiuncta
1137 2159 1244 2196 sunt.
1266 2154 1336 2205 2⁰)
1394 2152 1592 2198 Attamen

17 2233 42 2322 ἕ
98 2223 375 2266 intercurrunt
402 2219 622 2277 quaedam,
652 2233 824 2276 quorum
849 2221 970 2275 origo
995 2226 1037 2262 ut
1065 2233 1148 2263 non
1168 2218 1360 2262 manibus
1387 2219 1590 2276 prehendi

16 2299 43 2360 ’ἐξ
99 2289 176 2334 sed
208 2296 347 2332 tamen
382 2285 658 2345 probabiliter
696 2287 924 2344 conjectari
964 2287 1111 2343 possit.
1168 2285 1350 2329 Primum
1383 2282 1519 2340 ἄγκος
1549 2294 1591 2331 et

192 2415 250 2460 19)
284 2416 450 2463 Σπείρεα
471 2412 555 2449 Nic.
575 2412 641 2447 Tb.
661 2410 739 2447 881.
767 2412 892 2457 glossa
914 2411 1174 2457 interpretatur
1197 2412 1288 2455 λέπη
1313 2410 1350 2445 id
1375 2415 1431 2446 est
1456 2415 1590 2459 σπεῖρα

98 2473 238 2511 tunicas
274 2472 465 2508 bulborum
503 2471 584 2505 sive
617 2467 818 2511 folliculos,
852 2467 917 2502 sed
960 2466 1084 2504 Schol.
1119 2465 1161 2502 τὰ
1197 2469 1390 2513 σπέρματα
1417 2474 1588 2512 tanquam

19 2569 27 2611 l
98 2529 264 2630 νθώξὲιοΐ
283 2581 430 2633 ‘Parque
447 2584 594 2631 plantae
620 2592 753 2618 nomen
772 2581 882 2616 semel
907 2580 1039 2627 legitur
1058 2591 1125 2615 nec
1153 2586 1252 2614 certa
1278 2580 1471 2626 scriptura·
1512 2582 1587 2616 Bff'*

97 2656 162 2685 κος
189 2642 378 2690 Phrygum
411 2640 557 2688 linguae
586 2639 790 2685 assignatur
827 2641 952 2672 cetera
985 2636 1200 2671 simillimum
1232 2636 1356 2671 verbis
1393 2638 1586 2682 coquendi,

7 2693 42 2748 Ἠ.
98 2710 193 2746 «μω
214 2699 254 2735 in
277 2698 444 2735 dialectis
468 2696 681 2744 germanicis
714 2700 751 2729 et
777 2693 923 2729 slavicis
954 2693 1193 2741 reperiuntur.
1247 2694 1323 2731 Τοῦ
1346 2695 1456 2740 βέκου
1480 2693 1584 2734 Eust.

16 2759 35 2790 “.
97 2756 144 2793 ad
172 2755 284 2794 Dion.
311 2767 350 2793 v.
371 2754 451 2794 809.
478 2754 542 2792 ult.
568 2753 728 2790 fortasse
753 2762 799 2787 ex
822 2750 923 2787 vitio.
