1728 3120
224 202 322 248 356
562 189 830 237 ADDENDA
868 189 943 235 ET
983 188 1352 238 GORRIGENDA.

363 318 498 368 τάρχον
521 316 560 354 τὸ
583 308 607 353 ἶ
624 317 864 364 ἐκτεταμένον
891 315 953 353 διὰ
981 315 1020 353 τὸ
1044 319 1158 364 ἴσχω,
1194 314 1215 362 ἢ
1239 316 1304 362 τὴν
1333 308 1369 354 ’ἒῖ
1393 318 1610 367 δίφθογγον
1631 315 1693 355 διὰ

359 375 399 412 τὸ
424 376 532 411 δείκω
558 372 597 409 τὸ
616 371 769 410 δεικνύω
794 375 857 408 καὶ
883 369 1018 408 <randum
1043 374 1139 418 (cod.
1165 372 1352 420 δεικάνω),
1382 385 1475 420 quae
1496 374 1551 411 sic
1572 376 1694 422 expla-

361 433 483 470 nanda
496 433 682 467 videntur:
710 431 775 467 οὐκ
802 433 875 478 ἔχει
899 430 938 467 τὸ
959 423 981 466 ἶ
998 433 1255 479 ἐκτεταμένον·
1281 432 1319 469 τὸ
1335 431 1408 481 γὰρ
1431 430 1568 479 luxoium
1586 445 1695 469 συνε-
1727 427 1728 434 ’

364 491 568 533 σταλμένον
604 489 677 534 ἔχει
709 486 798 523 κατὰ
831 486 869 522 τὸ
900 486 1140 533 πρωτότυπον
1171 492 1285 535 ἴσχω,
1323 489 1393 524 hoc
1432 489 1523 529 enim
1546 490 1695 526 brevem

361 546 500 582 habere
524 545 715 590 ancipitem
742 549 778 579 et
802 543 1031 579 Grammatici
1056 545 1197 580 tradunt
1211 546 1321 581 Drac.
1338 544 1396 589 53,
1421 545 1455 582 4.
1481 549 1519 580 et
1541 547 1697 587 ostendit

364 601 646 649 paroxytonesis
670 600 874 646 imperativi
901 603 1000 646 ἴσχε,
1032 601 1233 647 eodemque
1263 607 1414 636 accentu
1438 612 1532 636 nunc
1552 607 1698 637 notatur

364 658 597 704 imperativus
632 659 681 698 ἵζε
707 656 747 692 ll.
772 656 907 692 XXIV.
933 656 1012 691 553.
1047 655 1119 693 od.
1143 657 1278 694 XXIV.
1301 657 1379 693 393.
1413 661 1496 692 aute
1519 655 1697 692 Wolfium

364 726 457 750 vero
481 711 529 755 ἷζε
552 713 789 755 scribebatur,
815 713 910 757 quod
931 713 1091 758 sequitur
1112 713 1238 749 Draco
1268 726 1303 760 p.
1329 713 1385 756 49,
1404 713 1438 749 6.
1463 715 1527 751 τοῦ
1548 715 1611 755 ἵζω
1636 715 1698 750 ἐπὶ

367 777 431 810 τοῦ
450 769 642 811 ἐνεστῶτός
666 772 740 806 ἔστι
769 770 880 818 φύσει
896 772 1041 819 μακρὸν
1057 771 1095 807 τὸ
1108 762 1139 806 ἶ
1157 772 1224 807 sed
1247 770 1410 818 rejicitur
1431 783 1455 807 a
1472 773 1699 820 gravioribus

365 842 402 866 v
425 830 594 875 Prolegg.
621 839 657 873 p.
682 826 760 862 406.
790 834 827 863 et
857 839 929 863 non
962 828 1133 862 convenit
1164 839 1347 874 paragoge
1381 825 1510 869 ἱζάνω·
1542 839 1625 863 nam
1653 828 1699 863 de

366 887 436 922 hoc
459 886 554 920 idem
584 885 707 919 valere
736 895 889 918 necesse
914 890 969 919 est
993 884 1090 929 quod
1118 884 1163 919 de
1187 887 1278 931 ἴσχω
1303 881 1461 930 ἰσχάνω,
1495 884 1604 930 idque
1628 883 1699 919 for-

367 951 466 980 tasse
497 944 581 979 addi
614 943 722 978 debet
754 942 902 977 Arcadii
932 949 1142 988 praecepto.
1190 943 1299 981 Quod
1329 943 1490 988 sequitur
1519 938 1541 987 ἢ
1574 941 1638 987 τὴν
1669 955 1702 978 ει

368 999 428 1036 διὰ
461 999 499 1035 τὸ
525 1001 688 1034 δείκωψ
703 996 839 1034 δικάνω
873 999 1100 1034 scribendum
1136 999 1280 1034 videtur
1309 999 1488 1043 δεικανῶ,
1518 999 1617 1043 quod
1639 999 1702 1034 ilie

369 1054 547 1103 significat
581 1055 729 1100 regulae
762 1066 835 1089 non
869 1066 1073 1100 repugnare
1106 1054 1188 1099 quia
1212 1065 1287 1090 non
1317 1054 1533 1100 berytonum
1557 1061 1613 1090 est
1636 1055 1702 1090 sed

370 1113 661 1158 perispomenon.

233 1171 280 1207 P.
305 1169 384 1204 235.
413 1168 436 1203 Ι.
465 1167 518 1203 13.
544 1179 611 1212 pro
638 1170 888 1201 attenuatum
911 1177 979 1201 scr.
1005 1170 1264 1201 attenuatam.

233 1225 280 1262 P.
306 1224 384 1260 237.
413 1223 436 1259 Ι.
465 1222 518 1258 11.
543 1234 611 1268 pro
636 1221 883 1256 ἀλαλυκταίνω
908 1233 977 1257 scr.
1003 1222 1218 1257 ἄλυκταίνω.

233 1281 282 1317 Ρ.
304 1280 383 1315 239.
410 1279 433 1315 Ι.
457 1279 490 1314 3.
518 1275 688 1324 ἀκαχὺνω
709 1276 838 1322 injuria
862 1277 1046 1312 addubitat
1071 1278 1220 1313 Stollius
1245 1278 1291 1312 ad
1316 1276 1515 1313 Antimach.
1539 1290 1575 1325 p.
1602 1277 1678 1313 102.

234 1337 281 1373 P.
307 1335 386 1371 243.
412 1335 435 1371 Ι.
462 1335 514 1371 18.
540 1346 608 1381 pro
631 1335 836 1381 θρυλλίχθη
861 1344 929 1367 scr.
957 1337 1153 1380 θρυλίχθη.

235 1392 281 1428 Ρ.
306 1392 385 1428 258.
411 1392 435 1426 Ι.
457 1391 510 1427 16.
540 1388 687 1436 τρύγειν
709 1401 787 1423 cum
794 1388 969 1444 φρύγειν
991 1390 1218 1445 componitur
1232 1387 1348 1444 τρὺγη
1365 1390 1438 1428 πᾶς
1460 1386 1598 1435 καρπός
1615 1389 1702 1426 Hes.

373 1448 450 1471 cum
483 1437 595 1471 latino
627 1435 752 1480 frux,·
788 1433 806 1469 ὁ
831 1432 970 1481 καρπός
995 1432 1070 1469 ἀπὸ
1103 1437 1165 1470 τοῦ
1196 1432 1327 1488 κάρφω
1354 1433 1393 1469 τὸ
1417 1435 1573 1481 ξηραίνω
1597 1433 1702 1470 Eust.

371 1481 450 1522 576
477 1481 530 1515 12.
554 1480 614 1515 alii
638 1492 661 1515 a
686 1483 822 1534 κείρειν
846 1491 1008 1525 carpere.
1033 1498 1080 1505 —
1123 1479 1165 1514 In
1187 1479 1268 1525 Eup
1271 1479 1376 1514 olidis
1399 1479 1540 1535 Fragm.
1566 1478 1594 1514 1.
1621 1479 1699 1515 426.

404 1530 525 1570 ελίαν,
551 1537 640 1570 συκη
644 1537 686 1569 ν,
714 1523 844 1567 ἁλίαν,
878 1526 989 1572 δρῦν,
1018 1522 1159 1569 κιττὸν,
1194 1526 1383 1573 ἐρείκην,
1416 1535 1458 1559 ro
1480 1523 1596 1560 ἁλίαν
1618 1525 1704 1559 scri-

307 1541 529 1607 iiendum
553 1576 608 1606 est
621 1541 742 1617 ndp’tav
765 1570 868 1624 quod
887 1576 942 1604 est
968 1580 1119 1624 quercus
1144 1581 1287 1605 nomen.
1312 1590 1352 1595 -—
1424 1580 1467 1605 ro
1492 1570 1571 1615 εἴδη
1594 1569 1622 1605 1.
1645 1570 1703 1606 27.

373 1615 575 1663 Hesychius
601 1616 760 1651 fortasse
784 1613 869 1650 εῑδώ
892 1615 1047 1661 scripsit.

236 1674 286 1711 P.
310 1674 388 1709 259.
415 1678 495 1709 not.
522 1673 545 1708 Ι.
568 1672 601 1707 2.
626 1683 693 1718 pro
717 1667 785 1716 ηδη
813 1683 883 1706 scr.
909 1668 990 1716 ὴδή.

235 1730 285 1768 P.
309 1730 388 1765 261.
416 1729 438 1765 1.
464 1728 534 1764 ult.
558 1740 670 1782 pro—
653 1726 808 1762 verbum
831 1738 900 1762 scr.
923 1726 1139 1763 verborum.

237 1788 285 1824 P.
307 1788 387 1823 262.
412 1788 435 1823 Ι.
464 1788 496 1822 4.
526 1797 594 1832 pro
621 1799 665 1830 νη
694 1797 766 1820 scr.
793 1787 849 1820 νῦ.

238 1847 284 1883 Ρ.
309 1846 388 1882 266.
412 1850 491 1880 not.
512 1844 568 1879 22.
602 1844 725 1880 Draco
748 1855 783 1888 p.
809 1842 864 1877 61.
899 1844 1005 1888 κνίδη
1037 1842 1075 1878 τὸ
1111 1856 1170 1878 κνι
1206 1845 1454 1880 συστέλλεται·
1485 1844 1551 1879 sed
1574 1852 1619 1879 ex
1642 1857 1705 1891 ap

402 1892 494 1926 osito
511 1889 693 1924 Theocriti
712 1899 820 1923 versu
844 1894 997 1941 apparet
1014 1889 1111 1923 illum
1127 1887 1326 1935 μηκύνεται
1348 1900 1417 1924 sen
1445 1889 1547 1925 sisse.
1586 1891 1706 1935 Κνίδη

374 1947 411 1970 m
434 1934 670 1970 Arcad.1.c.
697 1944 764 1979 pro
789 1931 904 1979 κράδη
928 1933 1118 1979 irrepsisse
1144 1939 1297 1979 apparet
1319 1946 1366 1970 ex
1389 1900 1478 1970 Eiii.
1496 1934 1576 1979 465,
1601 1935 1657 1970 55.

239 1992 285 2030 Ρ.
310 1992 390 2026 268.
417 1991 440 2026 l.
460 1990 493 2025 3.
519 1994 603 2024 ante
619 1989 679 2023 uit.
705 1985 832 2023 adde'
817 1985 909 2033 άσκη
927 1985 1087 2034 ιἰἶσκησις,
1112 1986 1226 2035 τόλμα
1246 1989 1425 2036 τόλμησις,
1449 1991 1532 2035 δίκη
1553 1991 1702 2036 δίκησις.

237 2048 288 2084 Ρ.
312 2047 390 2082 270.
418 2046 440 2081 Ι.
466 2045 499 2080 2.
527 2049 610 2079 ante
633 2044 695 2078 ult.
721 2055 788 2088 pro
813 2043 1062 2090 sepultarum
1086 2056 1154 2078 scr.
1182 2045 1440 2092 sepulturam.

237 2103 288 2139 P.
312 2102 391 2137 274.
417 2107 491 2136 not.
516 2100 609 2135 adde
632 2097 812 2138 Σύνναιος
838 2097 1004 2138 σύνοικος
1027 2099 1111 2134 Hes.
1138 2101 1236 2144 quod
1258 2101 1464 2136 mutandum
1489 2100 1638 2137 videtur.

238 2158 288 2195 P.
312 2158 392 2194 279.
421 2158 444 2193 Ι.
470 2156 501 2191 3.
527 2151 622 2190 adde
645 2155 797 2189 ἑλκαίνω
823 2154 988 2190 ἕλκανον.
1558 2147 1561 2149 ’

238 2214 291 2252 Ρ.
312 2214 392 2249 286.
418 2213 441 2249 Ι.
465 2211 498 2247 6.
526 2222 593 2256 pro
621 2212 725 2245 εἴλλω
750 2221 818 2244 scr.
848 2212 942 2245 εἴλω.

238 2270 287 2306 Ρ.
309 2269 388 2305 287.
416 2269 440 2305 Ι.
467 2267 519 2302 ll.
546 2278 614 2313 pro
642 2263 756 2312 ὅλφος
778 2275 848 2301 scr.
875 2263 990 2310 ὄλβος.

239 2380 402 2415 Leviora
423 2378 555 2414 menda
580 2389 653 2413 non
675 2377 868 2419 adnotavi;
903 2378 1082 2413 vocabula
1112 2378 1249 2423 aliquot
1271 2378 1317 2414 ab
1343 2379 1466 2425 operis
1490 2381 1624 2415 omissa
1650 2392 1704 2417 re-

239 2437 386 2472 stituere
417 2446 491 2471 non
520 2435 622 2482 potui
655 2433 843 2469 destitutus
875 2432 1139 2478 Manuscripto.
1195 2433 1413 2470 Postremae
1441 2435 1704 2472 ‹ilssertationis

660 2490 826 2536 plagulas
849 2500 1043 2524 recensere
1067 2500 1140 2524 non
1163 2491 1277 2535 potui.
