1728 3120
411 143 515 188 CAP.
549 142 580 187 1.
639 142 710 186 DE
741 141 941 187 VERBIS
970 140 1144 185 PURIS.
1419 142 1520 188 203

107 283 114 299 ι
148 255 340 304 εὐεσθαι
398 259 686 317 postponenda
735 263 829 300 sunt
885 254 1160 300 circumflexis
1216 254 1442 309 ὄιακορεῖν
1484 266 1522 295 v.

54 333 60 387 ᾗ
78 325 238 372 '‘tzscIn
263 325 319 370 ad
348 322 601 388 Thesmoph.
630 339 668 368 v.
686 324 785 368 450.
816 325 1051 368 δεσποτεῖν
1076 330 1152 366 etc.
1200 321 1245 364 Id
1274 328 1414 364 tamen
1437 332 1523 363 non

74 383 79 398 ’
107 393 228 439 τνιιΙθῐ
263 399 308 438 ut
343 393 402 437 de.
427 392 618 438 omnibus
650 393 841 448 judicare
881 391 1112 448 possimus3
1148 402 1244 433 nam
1283 401 1411 445 saepe
1450 399 1522 430 res

57 493 77 502 Α.
120 463 226 506 itur:
266 457 526 518 εἰρηνεύειν,
562 458 888 516 βωμολοχεύειν
925 459 1014 501 sive
1051 453 1448 512 βωμολοχεύεσθαι
1483 460 1525 498 et

171 525 504 586 θρωπεύεσθαι
541 540 642 585 pure
692 526 926 570 terminatis
965 526 1208 582 antiquitate
1254 522 1524 573 antecedunt;

50 600 71 633 :v
99 594 193 640 ‘das
220 608 296 653 pro
310 591 575 652 Πεφόνηκεν
607 591 820 652 ἐφόνευσε
842 594 1023 636 fortasse
1055 589 1307 649 πεφόνευκε
1333 591 1526 646 scripsit·⁷

102 683 119 701 ,ι
161 665 316 722 φονεῖν
353 660 671 718 relinquendum
710 668 773 704 est
809 659 1168 716 Clytaemnestrae
1206 657 1455 715 Mosquensi
1483 670 1522 700 v.

31 729 131 793 ‘2¹¹-
159 729 256 774 265.
285 727 383 772 288.
416 725 645 783 δεσμεύειν
676 731 755 772 etsi
784 728 1006 771 Atticistae
1034 728 1170 770 minus
1195 726 1371 783 probant
1401 738 1524 781 quam

167 803 306 840 tamen
331 794 427 853 plus
449 796 708 839 auctoritatis
727 795 854 838 habet
883 808 1007 850 quam
1035 795 1226 847 δεσμεῖν,
1257 794 1373 848 cujus
1393 793 1526 848 signi-

31 863 50 902 Ἥ
98 866 174 908 tio
210 876 384 921 prorsus
425 862 595 914 eadem,
635 870 678 906 ut
716 869 888 920 apparet
925 876 977 905 ex
1014 860 1159 904 Diosc.
1192 859 1296 902 Mat.
1331 859 1397 902 IV.
1428 859 1525 902 155.

29 930 178 994 Ὶίζίξιὸ.)
211 945 251 989 p.
281 929 378 974 644.
413 937 454 974 et
488 929 637 973 Galen.
679 930 731 973 de
761 929 908 986 Simpl.
946 928 1044 972 Fac.
1077 926 1182 971 VIII.
1213 927 1308 969 129.
1349 926 1400 969 T.
1431 925 1528 968 ΧΠ.

30 1011 208 1043 vmorum
246 997 320 1042 ille
353 995 620 1053 δεσμεύουσι
647 996 814 1047 scribit,
851 996 921 1040 hic
947 998 991 1038 in
1029 995 1177 1039 eadem
1217 1007 1263 1037 re
1299 995 1529 1048 δεσμοῦσι.

27 1064 245 1124 Άιχηλεῖν
273 1072 314 1110 et
340 1062 584 1120 διχηλεύειν
601 1064 981 1108 Alexandrinorum
1012 1063 1183 1119 propria
1213 1068 1319 1105 sunt.
1377 1065 1529 1105 Κακο-

28 1128 224 1194 ἐροπεῖν
259 1145 314 1176 ex
348 1144 432 1176 uno
467 1132 740 1187 cognovimus
773 1130 1039 1188 Hippocratis
1069 1129 1186 1181 loco,
1225 1129 1296 1172 ubi
1336 1129 1387 1173 de
1418 1143 1529 1173 mor-

33 1190 149 1254 ffidis
192 1199 347 1244 dictum
390 1205 477 1252 est,
521 1195 945 1255 κακοτροπεύεσθαι
985 1197 1037 1240 de
1078 1196 1263 1241 moribus
1301 1197 1449 1253 Polyb.
1490 1204 1535 1241 ut

28 1291 53 1310 ,ι
94 1264 355 1324 ςτροπεύειν
383 1265 517 1310 Basss.
578 1265 700 1318 Quod
735 1266 963 1309 discrimen
990 1271 1124 1308 utrum
1154 1265 1364 1308 fortuitum
1395 1266 1450 1308 sit
1477 1278 1533 1307 an

31 1323 328 1392 &minatione
357 1346 600 1392 expressum
630 1335 724 1390 quis
762 1333 993 1389 dijudicare
1034 1332 1214 1376 audeat?
1274 1331 1362 1375 Sed
1399 1334 1533 1388 signi-

20 1399 246 1463 nicationis
272 1402 483 1460 quaedam
512 1402 735 1446 diversitas
765 1400 877 1444 haud
911 1400 1090 1444 obscure
1119 1400 1262 1456 gliscit
1289 1401 1334 1442 in
1362 1399 1534 1456 quibus-

21 1467 138 1528 tj'dam
167 1469 289 1526 aliis:
316 1469 636 1530 -ῥᾳστωνεῦσαι
673 1469 783 1512 enim
817 1469 945 1512 otiari
983 1467 1214 1523 significat,
1253 1467 1550 1525 §graccowffoag

34 1537 362 1592 &convalescam
402 1533 639 1591 ὖμαὸεύειν
672 1536 780 1579 idem
813 1536 924 1593 quod
959 1531 1192 1592 ἀθροίζειν
1220 1533 1320 1577 Hes.
1349 1531 1538 1589 ὁμαὸεῖν

20 1604 302 1656 1-tumultuari,
342 1599 553 1661 ἆκρατεῖν
589 1604 823 1660 oppositum
863 1609 927 1646 est
963 1604 1028 1659 τῷ
1068 1604 1245 1659 κρατεῖν
1283 1602 1358 1644 sed
1399 1598 1537 1658 ἂκρα-

20 1670 257 1718 fuescen
283 1670 335 1716 τὸ
367 1667 448 1716 οὐκ
478 1666 831 1727 ἐγκρατεύεσθαι
859 1669 1011 1725 Phryn.
1042 1682 1123 1725 quo
1153 1669 1367 1712 intellectu
1396 1677 1537 1712 tamen

18 1734 318 1798 ss'Hippocrates
341 1733 596 1796 ἆκρατῆσαι
624 1737 783 1780 dixisse
801 1736 986 1788 videtum
1016 1738 1207 1794 τορῆσαι
1234 1737 1538 1794 (ὄιατορῆσαι,

34 1801 305 1865 ὲζὲκνορῆσαι)
341 1804 395 1849 ab
427 1804 634 1861 adJectivo
663 1801 799 1861 τορός
837 1804 1068 1848 derivatum
1097 1804 1215 1847 vices
1252 1803 1391 1860 explet
1419 1802 1540 1846 verbi

35 1875 206 1931 ‘antiqui
246 1870 458 1931 τετραίνω
492 1873 670 1927 perfero
708 1872 785 1915 sed
820 1874 1031 1928 τορεῦσαι
1060 1871 1301 1929 plerumque
1333 1870 1543 1926 significat

30 1949 222 1988 *tornare
259 1946 354 1998 apte
389 1940 482 1984 cu'm
513 1941 681 1984 nomine
720 1941 980 1982 instrumenti
1021 1936 1188 1997 τορεύς.
1238 1935 1542 1995 Ἐπιτροπεῖν,

43 2010 132 2055 nisi
162 2007 351 2062 librariis
389 2006 564 2052 debetur
603 2006 659 2061 (v.
699 2007 753 2050 ad
781 2006 934 2063 Phryn.
964 2006 1084 2059 650.)
1124 2005 1229 2048 nihil
1267 2005 1445 2062 amplius
1477 2011 1542 2048 est

28 2077 171 2140 squam
199 2073 625 2133 paraschematismus
646 2075 842 2132 primitivi
863 2073 1135 2132 ἐπιτρέπειν,
1167 2073 1243 2116 sed
1263 2072 1541 2129 significando

45 2146 209 2188 muneri
239 2144 388 2187 tutoris
417 2143 551 2200 aptius
581 2141 758 2185 habetur
781 2139 1096 2200 ἐπιτροπεύειν
1125 2141 1168 2184 id
1199 2147 1263 2184 est
1294 2139 1542 2198 ἐπίτροπον

19 2205 167 2255 ἐἶναι
202 2216 245 2254 ut
280 2207 481 2265 ταγεύειν
517 2210 607 2263 tagi
644 2222 813 2252 munere
848 2209 988 2264 fungi,
1028 2222 1265 2265 quanquam
1304 2207 1544 2262 Aeschylus

47 2279 198 2334 ταγεῖν
229 2282 270 2320 et
298 2273 498 2331 ταγεύειν
526 2275 764 2319 indistincte
795 2278 1008 2332 usurpavit
1034 2289 1108 2332 pro
1143 2278 1402 2333 στρατηγεῖν
1432 2282 1471 2318 et
1502 2276 1545 2317 iu

16 2345 173 2389 codd.
211 2341 426 2387 nonnullis
454 2340 649 2399 Xenoph.
684 2343 973 2398 ὁιαταγεῦσαι
1012 2345 1206 2401 scriptum
1237 2349 1301 2386 est
1335 2356 1411 2400 pro
1448 2343 1546 2385 δια-

49 2410 196 2465 τάξαι.
256 2410 379 2454 Certe
406 2411 450 2453 in
478 2409 683 2466 Aeschyli
710 2410 807 2454 loco
837 2412 1078 2454 πανδοκεῖν
1112 2411 1332 2468 plurimum
1363 2410 1489 2453 distat
1519 2423 1546 2452 a

16 2503 19 2510 -
50 2475 361 2524 πανδοκεύειν·
380 2484 426 2521 ut
453 2478 629 2535 simplex
661 2479 808 2522 δοκεῖν
834 2492 861 2521 a
891 2475 1100 2522 ὅοκεύειν.
1131 2505 1186 2511 -
1225 2477 1367 2521 Verba
1397 2491 1547 2521 secun-

50 2546 134 2591 dae
166 2553 208 2590 et
242 2547 392 2590 tertiae
423 2544 716 2589 declinationis
756 2558 839 2588 non
869 2547 929 2588 ita
959 2545 1088 2601 longo
1122 2559 1314 2589 sermone
1344 2545 1545 2600 indigent.

14 2606 19 2659 J
52 2613 117 2659 De
143 2613 232 2658 illis
259 2613 408 2666 eadem
435 2615 621 2671 pervasit
651 2614 791 2670 opinio
822 2626 930 2670 quae
961 2613 1011 2656 de
1041 2613 1295 2670 protoclitis:
1340 2609 1432 2655 ἀπὸ
1465 2613 1546 2655 τοῦ

23 2676 203 2738 »ζᾶγοριῖ
234 2677 434 2740 ἀγορεύω
454 2679 653 2732 Eust.96‚
677 2681 744 2724 10.
773 2683 851 2725 τοῦ
882 2677 1092 2735 λωβεύειν
1123 2675 1423 2739 πρωτότυπόν
1454 2678 1549 2723 ἐστι

54 2747 106 2796 τὸ
137 2749 268 2802 λωβῶ
298 2763 337 2807 p.
364 2748 488 2803 1936,
517 2749 586 2793 63.
645 2748 780 2793 Multo
820 2762 920 2793 vero
952 2747 1195 2793 credibilius
1232 2755 1296 2792 est
1334 2754 1547 2804 utrumque
