1728 3120
217 191 316 237 298
618 183 1084 228 DISSERTATIO
1126 185 1277 230 XVIII.

215 297 413 354 gravibus
442 295 622 346 videtur,
651 295 820 339 verbum
850 293 1064 342 ἀκεῖσθαι
1093 311 1120 341 a
1147 298 1377 342 sartoribus
1405 306 1445 343 et
1469 300 1682 346 sutoribus
1708 348 1709 351 ,

211 363 455 407 translatum
485 375 581 405 esse
617 362 671 405 ad
696 363 903 414 medicos,
942 365 1040 420 quia
1071 371 1114 407 ut
1142 365 1205 407 illi
1238 366 1400 409 tunicas
1430 365 1680 423 caecosque
1708 416 1709 423 ἵ

214 430 393 478 laceros,
424 429 486 471 sic
513 428 557 471 hi
582 429 712 485 (quod
741 443 832 473 cum
859 429 972 473 bona
1001 444 1143 474 eorum
1167 433 1291 475 venia
1309 431 1461 475 dictum
1488 433 1563 486 sit)
1591 445 1683 476 cor-

214 508 317 552 pora
335 501 480 538 nostra
503 509 586 539 non
609 496 890 552 redintegrant
918 497 994 540 sed
1024 498 1159 554 quoad
1188 505 1362 555 possunt
1387 498 1684 543 reconcinnaut

215 569 256 605 et
283 568 404 617 rupta
429 569 640 613 consuunt,
669 565 911 607 necessario
930 565 1114 620 sequitur
1138 560 1249 621 ἀκήν
1277 564 1320 607 id
1339 570 1404 608 est
1431 577 1551 608 acum
1569 567 1684 622 prius

216 628 464 686 appellatam
489 641 585 671 esse
616 641 737 685 quam
766 625 890 681 ἄκος,
920 632 999 673 etsi
1019 629 1138 685 hujus
1166 632 1344 675 nominis
1363 643 1465 674 usus
1485 632 1685 688 antiquisa

216 697 345 739 simus
375 701 415 738 et
445 695 802 751 frequentissimus
843 703 928 748 est,
965 697 1151 740 feminini
1180 710 1281 741 vero
1308 699 1378 742 vix
1418 697 1508 741 ulla
1536 699 1685 742 notitia

213 769 379 819 praeter
408 763 715 817 grammaticos.
772 761 944 814 Verum,
984 770 1026 806 ut
1058 764 1111 806 ad
1149 764 1271 807 finem
1305 765 1564 822 perveniunt,
1600 778 1685 808 non

215 829 349 872 solum
383 829 583 871 feminina
622 830 780 885 primae
819 828 1111 873 declinationis
1148 830 1244 874 huic
1276 831 1423 887 generi
1461 833 1684 882 nominum,

218 896 268 939 de
298 909 377 952 quo
418 895 686 946 disserimus,
723 897 947 951 conjugata
984 903 1078 939 sunt
1115 897 1190 940 sed
1226 899 1352 941 etiam
1383 897 1617 940 masculina
1643 904 1685 940 et

209 969 356 1006 neutra
385 961 615 1005 secundae:
652 959 823 1018 σκύφος
853 962 1105 1019 διφορεῖται
1135 961 1245 1007 κατὰ
1273 962 1323 1007 τὸ
1354 959 1538 1021 ἄφενος,
1569 959 1686 1007 ὄνει-

214 1030 291 1079 δος
329 1027 403 1071 καὶ
439 1026 563 1078 ἔλεος
598 1026 711 1070 Eust.
743 1028 865 1079 1632,
894 1028 935 1070 5.
973 1029 1120 1084 quibus
1157 1029 1267 1073 idem
1296 1043 1336 1087 p.
1365 1029 1433 1080 73,
1461 1030 1546 1074 50..
1571 1030 1687 1073 addit

211 1094 370 1145 σκότος
409 1093 482 1137 καὶ
516 1097 663 1150 χρεῖος
694 1093 819 1151 παρὰ
854 1091 1022 1137 Φίλωνι
1049 1102 1088 1138 et
1116 1109 1153 1151 p.
1182 1096 1280 1147 432,
1310 1096 1377 1139 19.
1411 1097 1462 1139 τὰ
1503 1098 1685 1153 θρῆνος,

217 1161 326 1218 quod
353 1174 436 1204 non
463 1161 616 1215 legitur
642 1160 788 1211 hodie,
825 1163 972 1217 χρεῖος
1002 1161 1110 1217 apud
1138 1161 1352 1205 Philonem
1378 1175 1462 1206 non
1491 1163 1684 1206 substan-

211 1229 338 1271 tivum
356 1233 419 1269 est
448 1227 523 1269 sed
542 1227 798 1282 adjectivum,
831 1225 880 1269 τὸ
914 1224 1036 1278 ἔλεος
1055 1227 1427 1272 Alexandrinorum
1453 1231 1684 1286 proprium;

213 1292 384 1351 σκύφος
399 1293 670 1336 masculinum
686 1292 953 1336 Aristarchus
970 1291 1046 1336 Od.
1064 1292 1174 1337 XIV.
1193 1295 1286 1337 112.
1303 1295 1497 1352 praetulit
1517 1303 1684 1348 neutr03

214 1358 239 1404 ὁ
268 1356 434 1417 ἄφενος
459 1359 667 1403 Hesiodus
695 1360 919 1403 vindicavit
940 1361 1006 1414 ¹⁷)
1037 1367 1177 1404 cetera
1204 1363 1247 1404 in
1275 1364 1478 1406 communi
1503 1375 1581 1405 usu
1610 1376 1686 1419 po-

213 1428 295 1470 sita
325 1434 430 1470 sunt.
486 1426 562 1469 His
583 1427 783 1470 accedunt
812 1425 860 1468 τὸ
884 1424 1061 1480 θάμβος
1091 1425 1206 1484 παρ’
1233 1425 1430 1486 Ὁμήρῳ,
1457 1425 1483 1472 ὖ
1505 1427 1686 1484 θάμβος

212 1493 339 1549 παρὰ
367 1492 588 1551 Σιμωνίδῃ
618 1492 717 1536 Sch.
749 1492 797 1535 Il.
826 1492 892 1535 IV.
918 1493 986 1536 79.
1016 1492 1067 1537 τὸ
1096 1492 1240 1549 πάγος
1266 1494 1438 1538 Aristot.
1473 1501 1514 1538 et
1541 1492 1567 1538 ὁ
1595 1493 1686 1539 πά-

212 1577 309 1617 γος,
347 1561 397 1604 τὸ
439 1560 589 1616 κέρνος
617 1566 753 1603 crater
788 1561 986 1614 mysticus
1017 1566 1056 1602 et
1094 1557 1118 1603 ὁ
1159 1560 1328 1617 κέρνος,
1366 1559 1416 1604 τὸ
1455 1559 1621 1616 κύμβος
1656 1559 1682 1606 ὅ

213 1626 398 1682 κύμβος,
440 1625 489 1669 τὸ
537 1621 660 1676 οἷδος
696 1633 736 1669 et
772 1622 796 1668 ὁ
838 1622 961 1676 οἶδος
995 1625 1109 1670 Med.
1138 1626 1276 1684 Mosq.
1306 1641 1346 1684 p.
1370 1627 1468 1670 210.
1508 1628 1558 1671 τὸ
1588 1636 1628 1676 et
1656 1627 1682 1673 ὁ

211 1692 410 1750 τάριχος,
448 1692 498 1736 τὸ
529 1693 663 1749 ῥῖπος
696 1700 737 1736 et
765 1692 874 1749 quod
903 1706 955 1735 ex
983 1706 1064 1736 uno
1104 1693 1271 1736 affertur
1296 1692 1558 1738 Dioscuridis
1586 1695 1684 1740 loco

212 1758 236 1804 ὁ
268 1760 412 1819 ῥῒπος,
443 1757 467 1802 ὃ
494 1765 534 1801 et
561 1758 612 1802 τὸ
643 1761 839 1816 στρῆνος,
871 1761 986 1815 cujus
1015 1766 1226 1816 utrumque
1255 1773 1388 1816 genus
1418 1773 1445 1804 a
1473 1763 1684 1819 scriptori-

212 1827 290 1869 bus
329 1826 523 1870 classicis
561 1825 681 1869 abest
717 1839 755 1869 v.
787 1825 922 1868 Sturz.
962 1825 1072 1869 Dial.
1110 1827 1182 1870 Al.
1211 1827 1306 1870 159.
1342 1834 1425 1870 tum
1459 1827 1538 1872 illa
1574 1842 1680 1885 quae

210 1893 527 1949 significationis
572 1893 749 1948 quodam
791 1899 996 1936 momento
1040 1893 1230 1936 differunt
1265 1890 1289 1937 ὅ
1328 1900 1368 1937 et
1403 1892 1452 1936 τὸ
1495 1891 1682 1950 ἔλεγχος,

212 1967 252 2003 et
285 1973 391 2015 quae
427 1959 626 2015 prosodia
665 1972 826 2014 quoque
856 1956 880 2001 ὁ
912 1957 1043 2008 κύὸος
1079 1966 1118 2002 et
1146 1959 1195 2002 τὸ
1237 1961 1379 2010 κῦδος.
1402 1963 1467 2012 ¹⁸)
1524 1959 1682 2005 Neutra

211 2025 419 2068 secundae
465 2024 755 2067 declinationis
798 2024 877 2066 huc
920 2024 1086 2067 adhibet
1120 2025 1214 2067 EM.
1244 2026 1346 2076 287,
1374 2025 1442 2068 43.
1485 2022 1546 2076 ὡς
1585 2025 1680 2071 ἀπὸ

208 2094 286 2135 τοῦ
326 2088 441 2140 θύος
477 2089 642 2144 γίνεται
679 2088 793 2132 θύον
834 2089 908 2132 καὶ
945 2090 1136 2147 μέγαρος
1162 2091 1374 2148 μέγαρον,
1412 2090 1527 2135 οὕτω
1558 2093 1684 2151 δρίος

303 2239 362 2283 17)
394 2237 452 2272 De
484 2236 667 2271 codicibus
697 2236 910 2279 homericis,
943 2247 1034 2281 quos
1059 2235 1221 2282 Heynius
1246 2236 1287 2272 Il.
1312 2236 1436 2274 1.171.
1468 2237 1539 2274 hoc
1567 2251 1680 2286 genus

210 2295 387 2341 praebere
405 2293 506 2337 dicit,
532 2293 743 2338 Spitznerus
767 2298 875 2327 tacet.

307 2361 365 2406 18)
397 2360 506 2396 Caret
528 2370 659 2395 nomen
688 2371 855 2405 graecum
879 2365 935 2394 est
959 2359 978 2395 ὁ
1007 2357 1118 2407 κάρος
1131 2365 1168 2394 et
1191 2358 1230 2394 τὸ
1255 2357 1381 2407 κάρον.
1427 2359 1469 2396 In
1486 2361 1614 2399 Galen.
1631 2364 1678 2399 de

211 2420 295 2453 bon.
324 2423 360 2451 et
383 2418 466 2451 mal.
491 2428 585 2451 succ.
611 2428 641 2451 c.
666 2415 765 2450 VIII.
787 2428 821 2461 p.
844 2415 922 2452 794.
947 2415 988 2451 Τ.
1011 2415 1074 2450 Vl.
1100 2417 1163 2451 τοῦ
1186 2418 1416 2463 καλουμένου
1442 2415 1578 2464 κάρους
1599 2421 1678 2455 Sal·

210 2475 344 2512 masius
371 2474 407 2507 in
436 2474 550 2509 Solin.
579 2485 614 2518 p.
639 2472 716 2508 704.
743 2472 852 2507 tacite
875 2471 1055 2506 substituit
1075 2473 1134 2515 τῆς
1154 2474 1380 2520 καλουμένης
1401 2477 1556 2521 καροῦς,
1581 2476 1678 2520 quod

211 2543 283 2565 non
306 2532 421 2565 minus
445 2531 625 2576 ignotum3
650 2532 710 2574 τῆς
733 2531 872 2575 καρέως
893 2528 978 2573 (hoc
1002 2529 1168 2572 accentu)
1191 2530 1322 2576 legitur
1345 2530 1382 2565 in
1398 2530 1534 2566 Comm.
1553 2530 1614 2566 III.
1639 2532 1675 2567 in

212 2587 321 2632 Hipp.
351 2587 397 2621 de
420 2586 570 2622 Humor.
601 2598 635 2631 p.
657 2585 736 2620 360.
764 2585 804 2621 Τ.
824 2584 924 2619 XVI.
977 2583 1029 2620 Τὸ
1053 2582 1186 2632 σκάρος
1207 2597 1274 2631 per
1297 2597 1458 2621 errorem
1479 2586 1517 2621 iu
1540 2586 1677 2622 Lexica

210 2649 393 2689 receptum
419 2649 474 2678 est
509 2654 552 2677 ex
577 2641 664 2677 ΕΜ.
689 2642 749 2676 ubi
775 2640 819 2677 τὸ
855 2638 988 2689 σκάρος
1016 2642 1091 2677 scil.
1117 2638 1235 2687 ὅνομα
1259 2643 1396 2688 legitur.
1441 2642 1597 2678 Dubium
1621 2649 1694 2679 est.

211 2697 344 2746 Κάρπη
378 2698 421 2735 τὰ
456 2700 647 2746 σπέρματα
669 2698 758 2732 ΗΘΒ.
805 2697 882 2734 Pro
908 2696 947 2735 τὸ
979 2699 1085 2747 ῥῆνος
1109 2698 1233 2743 (cuns)
1255 2699 1356 2735 Aret.
1382 2698 1482 2745 Siga.
1507 2699 1605 2736 Diut.
1630 2698 1675 2736 Π.

217 2754 269 2798 13,
297 2756 352 2791 71.
379 2755 459 2792 cod.
484 2755 585 2791 Harl.
610 2754 673 2791 τὸν
695 2755 809 2803 §tror-
