1728 3120
493 189 566 234 DE
603 187 844 234 VOCABB.
884 187 1041 232 SENS
1072 186 1073 189 ’
1420 192 1521 242 337

134 302 328 369 αφορὰ
358 302 452 349 ἀπὸ
489 305 577 347 τῶν
615 300 791 360 ὁρατῶν
832 302 909 347 ἐπὶ
947 301 1003 346 τὰ
1031 299 1266 357 νοούμενα,
1310 300 1371 356 ὡς
1397 302 1518 363 παρ’

0 372 8 386 “
43 366 70 380 ’
111 372 208 434 ’ρῳ
248 369 559 426 ὀσσόμενος
595 368 797 429 πατέρ’
839 366 1065 414 ἐσθλόν
1123 367 1176 413 Ε1
1209 371 1399 415 vicissim
1433 387 1523 418 rem

0 450 7 466 ³
42 416 58 479 '1⁸
108 461 113 482 1
145 455 167 486 s
193 440 423 498 stheetam
447 438 502 482 ad
526 439 653 482 animi
675 437 932 482 intellectum
955 438 1166 482 transtulit
1189 436 1404 497 Oppianus
1425 439 1521 485 Hal.

0 504 4 533 ¹
42 490 190 556 769.
229 504 314 567 ἤδη
351 521 418 558 τις
462 501 567 549 κατ’
612 501 800 563 όρεσφιν
839 503 1072 564 ἐριβρύχην
1119 505 1275 562 ἐνόησε
1314 508 1522 568 θηρητὴρ

0 566 5 603 ¹
41 556 88 593 γ’
85 576 253 623 έεσσιν
278 573 604 632 ὖπερβεβαῶτα
634 573 802 617 λέοντα.
859 571 938 617 Hic
960 573 1064 616 nihil
1095 573 1209 617 aliud
1241 574 1524 621 adnotandum

89 651 126 688 t
151 643 237 687 nisi
273 644 391 686 νοεῖν
419 653 534 684 more
563 639 777 684 homerico
806 643 986 694 positum
1016 654 1113 684 esse
1141 655 1217 699 pro
1249 639 1372 686 ἰδεῖν.
1433 642 1522 689 Sed

22 728 48 751 1:
93 711 180 755 ad
198 709 407 754 armillum
427 708 557 752 redit:
590 704 686 750 ἀντὶ
706 709 785 751 τοῦ
816 702 942 757 εἶδεν,
974 705 1188 766 αἴσθησις
1218 704 1321 752 ἄντ’
1354 707 1524 770 αἰσθή-

84 794 157 831 ως,
186 777 297 836 quod
326 790 478 821 nomen
506 774 586 818 huc
607 788 780 832 prorsus
809 789 894 819 non
915 777 1119 819 convenit.
1180 773 1234 818 Et
1261 777 1306 819 in
1335 778 1522 833 eJusdem

70 852 180 890 tae
207 843 355 890 locol.
384 843 483 887 236
513 855 594 899 quo
625 842 867 886 echeneidis
898 855 1063 886 cursum
1093 844 1260 886 navium
1291 844 1519 892 inhibentis

0 930 5 957 ÷
69 913 274 958 taculum
303 911 539 970 depingitur
568 910 733 954 ναῦται
755 909 1019 968 τρομέουσιν
1049 906 1232 954 ἅείδελα
1262 911 1406 966 δεσμὰ
1431 918 1524 958 θα-

71 995 199 1038 σσης
239 976 522 1036 δερκόμενοι,
560 990 644 1020 11011
681 973 896 1032 αισθησις
933 971 1035 1019 ἄντ’
1078 974 1358 1035 αἰσθήσεως,
1399 987 1442 1023 111
1478 983 1523 1025 111

101 1047 174 1092 01.
205 1048 367 1098 dicitur,
395 1046 536 1104 posita
556 1050 621 1087 est
639 1043 716 1087 sed
732 1045 903 1087 verbum
932 1056 984 1086 ex
1014 1044 1328 1089 circumstantia
1358 1046 1523 1092 ductum

72 1144 75 1150 ·
126 1123 207 1160 um
238 1126 388 1158 navem
424 1125 543 1156 coeco
585 1122 776 1154 remorae
805 1111 974 1154 vinculo
1010 1119 1176 1166 repente
1205 1115 1520 1169 consistentem,-

79 1185 144 1227 in
169 1179 295 1240 Orph.
322 1182 428 1238 Arg.
449 1177 575 1223 1154.
606 1175 934 1236 ἐπιφρίσσοντα
964 1176 1049 1235 γὰρ
1078 1173 1165 1236 ἤδη
1192 1176 1340 1238 ἀκραῆ
1370 1182 1521 1241 Ζέφυ-

70 1280 72 1284 1
137 1247 470 1307 καταδέρκομαι
498 1246 580 1290 hoc
609 1251 673 1288 est
701 1244 825 1288 video
854 1245 990 1287 undas
1018 1252 1142 1288 vento
1167 1246 1408 1303 insurgente
1438 1253 1522 1294 cri-

31 1369 34 1373 ⁴
89 1336 93 1354 ,-
129 1319 157 1369 i,
188 1323 230 1361 et
245 1315 432 1374 Propert.
451 1314 483 1357 l.
507 1314 573 1366 17,
592 1313 634 1356 6.
665 1313 832 1366 adspice
862 1325 990 1367 quam
1019 1325 1166 1356 saevas
1193 1315 1385 1370 increpat
1408 1330 1521 1363 aura

79 1387 181 1430 nas.
239 1382 531 1441 Exemplorum
570 1393 678 1438 quae
711 1378 983 1424 Grammatici
1016 1393 1092 1437 pro
1124 1379 1206 1424 hac
1245 1395 1378 1426 causa
1416 1385 1521 1429 affe-

90 1459 144 1504 1,
187 1451 375 1496 ultimum
412 1449 691 1507 suppeditavit
728 1445 942 1490 Nicander
979 1447 1106 1491 Ther.
1144 1448 1239 1492 164.
1287 1459 1522 1508 serpentem

92 1517 333 1564 nolentum
376 1518 551 1563 excitari
591 1515 736 1559 dicens
776 1511 882 1557 ὅταν
920 1531 947 1572 η
993 1515 1165 1559 δοῦπον
1200 1515 1299 1560 νέον
1338 1513 1394 1575 ἦέ
1428 1517 1518 1564 τιν’

42 1586 169 1644 δὴν
198 1583 401 1644 ἀθρήσῃ,
438 1585 490 1628 de
522 1597 603 1641 quo
634 1583 697 1626 sic
732 1581 956 1638 loquuntur
984 1579 1199 1640 αι’σθησις
1229 1578 1326 1627 ἀντὶ
1354 1582 1523 1646 αἰσθή-

69 1669 144 1706 ως
182 1650 244 1704 ὡς
283 1652 362 1697 ἐπὶ
399 1654 482 1696 τοῦ
521 1647 633 1709 ὁρᾷς
673 1642 749 1692 οἷα
787 1647 943 1703 λέγεις.
1000 1646 1090 1692 Nec
1124 1649 1249 1694 video
1287 1664 1368 1708 quo
1398 1661 1522 1710 pacto

62 1730 74 1761 '2
139 1720 372 1779 expugnari
409 1719 545 1777 possit
576 1717 662 1760 nisi
702 1721 859 1758 mutata
886 1716 1093 1773 scriptura
1127 1713 1267 1775 αὐδήν
1295 1720 1339 1761 111
1370 1717 1522 1778 αὐγήν,

47 1785 51 1788 ’
96 1789 140 1833 nd
158 1787 403 1832 Eutecnium
432 1786 513 1830 hoc
541 1785 638 1829 loco
669 1783 831 1839 legisse
863 1790 1036 1840 apparet
1054 1797 1106 1826 ex
1133 1784 1433 1842 paraphrasi‘
1415 1786 1525 1832 όταν

69 1854 254 1914 -άσηται
282 1857 396 1914 φῶς.
452 1852 542 1898 Hoc
573 1858 711 1896 autem
746 1857 916 1908 recepto
944 1864 1015 1894 res
1053 1851 1108 1894 ad
1138 1864 1317 1908 zeugma
1346 1854 1455 1898 redit
1480 1863 1525 1899 111

41 1937 61 1944 ”
110 1940 142 1968 ι
171 1925 272 1981 φῶς
301 1920 536 1966 κάλλιστον
565 1918 642 1964 καὶ
670 1915 830 1976 κρότον
856 1919 1020 1974 χειρῶν
1047 1918 1180 1962 Arist.
1199 1918 1334 1964 Rann.
1358 1922 1452 1966 157.
1483 1928 1525 1967 61

83 1991 226 2035 111161·
245 1991 392 2047 Juncta
420 1992 474 2042 (v.
505 1987 561 2032 ad
591 1987 659 2043 Aj.
691 1999 731 2044 p.
750 1984 869 2039 430.)
899 1998 1006 2042 quae
1037 1985 1233 2043 designat
1266 1987 1524 2034 Aristoteles

80 2064 149 2102 1.
178 2056 252 2101 ΠΙ.
280 2057 322 2101 5.
349 2054 534 2115 p.1407.
564 2054 605 2098 11.
634 2053 704 2096 26.
737 2051 1005 2105 σολοικίζειν
1031 2056 1159 2098 ποιεῖ
1186 2053 1237 2098 τὸ
1265 2054 1327 2113 μὴ
1359 2051 1526 2101 ἀποδι-

22 2097 59 2146 ἱ.
70 2141 172 2176 ναι
201 2123 280 2170 ἐὰν
298 2121 361 2183 μὴ
388 2117 675 2204 ἐπιζευγνύης
699 2116 870 2178 ἀμφοῖν
901 2137 926 2163 ο
952 2116 1178 2178 ἁρμόττει,
1208 2115 1347 2181 οἷονῆ
1366 2123 1526 2182 ψόφον

0 2195 46 2242 :1
87 2193 246 2251 χρῶμα
278 2188 406 2240 ἰδών,
446 2189 497 2234 τὸ
528 2188 609 2241 μὲν
643 2186 752 2231 ἰδών
787 2183 841 2231 οὗ
872 2186 1044 2239 κοινὸν,
1081 2187 1132 2230 τὸ
1165 2184 1215 2231 <5³
1248 2186 1526 2245 αἰσθόμενος

23 2239 50 2303 5.
69 2256 193 2304 ινόν.
251 2257 340 2302 Sed
369 2257 479 2315 quod
507 2253 869 2311 Scholiographus
899 2253 973 2297 ille
1004 2253 1171 2310 subjicit
1203 2250 1316 2314 δρᾷς
1345 2251 1424 2300 οἷα
1453 2258 1526 2303 λέ-

23 2301 64 2417 ξ
71 2335 148 2378 ις’,
184 2338 270 2370 11011
304 2325 430 2368 aliter
468 2323 724 2367 enuntiatum
763 2327 827 2365 est
868 2334 992 2378 quam
1029 2319 1158 2378 Soph.
1193 2321 1262 2378 Aj.
1294 2322 1391 2366 785.
1434 2322 1526 2381 δ’ρα

23 2419 105 2549 ἰ
100 2389 171 2438 σι’
208 2390 298 2450 ἔπη
334 2393 492 2450 θροεῖ,
532 2403 618 2434 ecce
655 2402 762 2445 quae
793 2389 862 2431 ille
892 2390 954 2432 ait
982 2387 1116 2431 Plaut.
1146 2387 1274 2433 Most.
1300 2389 1353 2432 ΙΙ.
1383 2392 1424 2443 2,
1453 2390 1524 2435 64.

0 678 48 724 ι

0 752 30 803 1

22 815 75 864 Ι

21 880 33 932 't

22 958 62 1007 t

0 1021 63 1058 r*

7 1073 57 1131 't

21 1142 66 1197 u

0 1229 31 1268 -,

22 1297 54 1333 t

22 1362 53 1400 ι

22 1430 59 1466 Υ.

23 1896 38 1926 3

119 2462 173 2517 .)
199 2461 246 2504 111
273 2458 426 2517 quibus
454 2471 578 2502 nemo
607 2470 661 2500 ne
698 2455 904 2500 tantillum
934 2455 1101 2512 quidem
1128 2455 1275 2500 haeret
1311 2459 1413 2515 quia
1440 2472 1526 2502 11011

28 2558 83 2582 ,ι
116 2540 223 2572 sono
251 2529 370 2572 vocis
402 2527 541 2582 agitur
572 2525 647 2569 sed
679 2524 730 2568 de
761 2524 970 2568 sententia
997 2522 1239 2578 verborum,
1270 2538 1394 2582 quam
1423 2523 1526 2577 νόος

26 2587 124 2663 ἣρῇ
154 2594 230 2640 καὶ
256 2593 361 2646 νόος
390 2590 558 2643 ἀκούει,
592 2599 635 2636 111
663 2590 938 2650 Epicharmus
965 2591 1160 2648 loquitur.

28 2682 73 2724 :r
150 2662 203 2718 ξ..
217 2662 258 2706 3.
315 2659 524 2719 Expensis
546 2659 922 2704 Grammaticorum
948 2660 1198 2704 testimoniis
1233 2659 1433 2718 deinceps
1463 2661 1527 2706 vi-

28 2755 42 2781 ·.
77 2728 215 2775 ndum
246 2735 312 2775 est
338 2742 435 2772 num
464 2728 570 2772 forte
602 2729 647 2772 in
676 2729 913 2786 praeteritis
952 2726 1046 2783 plus
1073 2727 1240 2772 roboris
1273 2729 1374 2772 insit
1402 2741 1527 2787 quam

29 2831 31 2834 -
68 2827 70 2833 2
113 2796 270 2841 allatis.
326 2795 618 2891 Hsc'primum
659 2796 841 2840 occurrit
867 2793 1075 2839 Pindarus
1114 2794 1282 2852 Fragm.
1311 2794 1394 2842 CL.
1429 2795 1528 2842 639.

106 2864 267 2893 Lobecin
297 2864 356 2893 ‘ree
378 2871 439 2892 no.
1195 2864 1253 2906 22
