1728 3120
393 175 499 219 cst.
532 175 562 219 Ι.
622 175 692 218 DE
732 173 931 219 VERBIS
971 173 1027 217 IN
1056 165 1140 219 εἶ.
1423 179 1520 224 145

304 295 522 346 sequutus,
560 301 638 332 nec
677 288 846 331 multum
875 287 1073 346 ponderis
1106 286 1232 331 habet
1270 286 1520 345 προβυούν-

94 385 97 388 -
141 354 295 412 Phryn.
323 355 429 414 App.
457 354 527 399 59.
566 357 674 399 Κυῶ
705 351 883 398 ἇττικὸν
921 353 970 398 ἐκ
1004 355 1084 398 τοῦ
1115 351 1206 398 κύω
1234 354 1389 398 Arcad.
1419 355 1516 399 165.

99 429 111 433 ’“
167 435 386 481 paragoge
422 422 579 481 placuit
607 420 796 465 Latinis:
836 422 902 465 cio
939 422 1055 472 cieo,
1094 420 1189 465 cluo
1221 420 1362 473 clueo,
1399 423 1517 476 (nuo)

46 485 57 503 ³
199 489 364 534 abnueo
383 491 602 540 conniveo,
629 497 724 533 tuor
741 495 872 539 tueor,
904 487 980 531 sed
1001 487 1113 533 κυὲω
1144 489 1326 532 fortasse
1357 502 1384 533 a
1413 487 1520 543 κύος

81 565 98 602 J·
135 570 232 602 xum
269 563 348 601 est.
406 555 550 613 Itaque
595 557 908 612 circumspectis
953 554 1145 599 omnibus
1189 562 1358 613 praeter
1398 555 1518 601 λούω

44 613 53 628 ’
98 625 170 670 έω
186 623 347 668 nullum
368 625 474 667 satis
491 630 648 667 certum
678 622 908 666 metabasis
931 622 1195 679 exemplum
1183 623 1363 667 inveniri
1389 637 1518 682 posse

120 704 178 736 ο.
245 690 374 748 quue
410 691 537 734 etiam
577 690 630 733 ab
667 688 892 733 Heraclide
933 689 1163 745 significari
1201 689 1364 734 videtur
1401 689 1519 735 Eust.

77 794 153 818 ³,
120 780 153 813 ν,
175 761 244 804 53.
275 759 331 804 τὰ
365 757 431 811 εἷς
459 777 494 803 ω
527 758 732 815 καθαρὸν
763 755 952 815 λήγοντα
980 756 1227 814 δισύλλαβα
1259 759 1334 804 καὶ
1365 756 1520 815 ἔχοντα

42 836 95 896 ,ἰ
134 832 205 874 ἐν
240 829 381 886 βραχὺ
419 828 751 886 παρατέλευτον
792 826 893 895 δίχα
930 829 1010 870 τοῦ
1049 843 1074 870 ο
1110 825 1352 884 βαρύνεται
1387 826 1430 873 εἰ
1454 828 1518 888 μή

41 897 49 914 ³
74 904 98 910 ’
142 894 516 954 περισπασθέντα
546 891 700 951 ετέραν
730 890 900 937 ἔννοιαν
927 891 1114 950 ποιήσει
1142 891 1200 945 ὡς
1227 893 1277 937 τὸ
1304 897 1426 948 μυῶ·
1464 895 1521 939 τὰ

32 967 45 1001 '1
82 959 222 1007 ὄίλλα
251 960 491 1021 βαρύνεται
521 958 660 1010 κλύω,
690 959 833 1007 πνέω,
864 959 966 1003 τίω·
1003 957 1055 1002 τὸ
1087 959 1137 1004 δὲ
1167 956 1228 1003 ἓιῦ
1257 956 1311 1004 οὗ
1340 962 1519 1018 συγκρί-

43 1037 47 1045 '
80 1049 151 1077 αι
187 1030 366 1084 τούτοις
400 1025 652 1086 διεπέρας’
637 1025 690 1072 ὂν
726 1026 946 1083 συζυγιᾞας
1005 1026 1083 1071 Hic
1114 1026 1214 1083 δίχα
1249 1031 1331 1073 τοῦ
1359 1046 1385 1073 ο
1418 1030 1520 1076 dicit

43 1120 46 1146 4ς
89 1106 196 1159 pter
223 1096 316 1142 λόω
345 1099 439 1142 λοῶ
465 1110 505 1141 v
537 1094 589 1138 L.
609 1094 640 1138 1.
672 1093 718 1139 C
744 1094 774 1139 Ι.
806 1095 842 1151 §.
859 1094 898 1138 5.
928 1096 1028 1148 μυῶ
1056 1107 1159 1139 vero
1180 1096 1275 1151 ,iure
1305 1097 1522 1154 distinguit

72 1163 204 1223 μύω,
234 1165 287 1209 de
322 1163 381 1209 ἕω
414 1161 504 1208 {oica
537 1170 650 1206 errat
679 1175 770 1206 cum
802 1162 900 1205 aliis
931 1175 969 1205 v.
999 1159 1046 1204 C.
1073 1160 1122 1204 II.
1154 1162 1189 1218 ξ.
1217 1163 1255 1207 l.
1313 1163 1414 1208 Plus
1443 1166 1520 1209 ad·-

43 1258 45 1262 .
71 1235 196 1278 ¹enti
214 1231 417 1291 praebent
442 1245 527 1275 non
543 1243 660 1288 pura,
691 1242 927 1287 quanquam
956 1228 1103 1273 horum
1127 1243 1292 1288 quoque
1313 1232 1521 1289 permulta

34 1310 46 1351 j
84 1299 321 1345 'nominibus
357 1312 442 1344 non
481 1298 674 1354 longiore
713 1298 848 1354 spatio
881 1296 1171 1341 disterminata
1199 1304 1293 1342 sunt
1331 1312 1456 1356 quam
1491 1313 1519 1344 a

51 1422 54 1427 ῃ
83 1367 87 1371 ’
112 1369 183 1412 ·is.
241 1366 423 1410 Primum
460 1365 643 1423 liquida:
680 1361 910 1417 εἶλόμενος
947 1359 1108 1408 ταύτόν
1147 1363 1242 1409 ἐστι
1278 1368 1344 1423 τῷ
1373 1364 1520 1411 εἰλού-

210 1435 465 1493 διφορεῖται
494 1432 580 1490 γὰρ
610 1428 672 1484 ὠς
699 1431 750 1475 τὸ
780 1429 1046 1487 στερόμενος
1073 1429 1389 1489 στερούμενος,
1420 1433 1521 1478 ἐπι-

42 1501 272 1556 λόμενος
303 1499 653 1561 ἐπιμελούμενος
683 1497 827 1542 Schol.
854 1496 971 1555 Lips.
1001 1497 1050 1540 Il.
1080 1497 1129 1541 V.
1156 1499 1254 1542 203.
1285 1500 1520 1557 Δηλέομαι

28 1568 192 1640 {ibim
227 1558 539 1625 aliquotl'ariam
579 1567 687 1624 apud
725 1565 998 1622 philosophos
1039 1566 1172 1610 dorici
1210 1569 1381 1622 generis
1410 1567 1519 1624 legi-

42 1649 96 1680 νι·
132 1635 211 1679 sed
247 1636 454 1692 scriptura
487 1633 600 1678 fluxa
638 1640 678 1677 et
718 1632 920 1676 instabili.
967 1631 1231 1677 Ὅπλεσθαι
1273 1639 1313 1676 et
1344 1632 1521 1678 ὥπλεον

29 1649 242 1747 ¹-wrctorem
272 1715 395 1746 unum
433 1700 589 1744 habent
618 1699 853 1744 Homerum.
876 1702 916 1752 2)
960 1696 1204 1753 Δινόμενος
1234 1698 1520 1745 Callimachus

44 1789 72 1807 ι»
93 1769 246 1827 ·rpavit
283 1775 484 1826 sequutus
522 1768 705 1812 fortasse
747 1767 990 1810 infinitivum
1025 1766 1078 1809 ab
1118 1765 1305 1811 Hesiodo
1342 1770 1522 1825 positum

101 1835 217 1891 ἐμεν,
247 1834 365 1892 cnjus
394 1835 594 1891 ambigua
621 1835 756 1879 facies
786 1849 825 1878 v.
861 1834 915 1877 ad
944 1833 1093 1877 Buttm.
1123 1833 1219 1877 154.
1265 1833 1353 1878 Sed
1379 1836 1418 1879 si
1446 1835 1549 1879 ille‘

48 1900 57 1907 “
109 1915 187 1946 us
214 1903 403 1961 protulit,
438 1903 611 1947 verbum
643 1909 763 1947 vetus
799 1904 1019 1958 tritumque
1052 1914 1078 1944 a
1109 1899 1205 1957 δίνη
1233 1903 1370 1959 potius
1397 1915 1521 1959 quam

113 1969 197 2015 hoc
219 1971 442 2015 invecticio
473 1969 578 2014 ὄίνω
598 1970 732 2027 repeti
757 1975 930 2026 oportet.
974 1967 1088 2011 Idem
1103 1966 1344 2012 Hesiodus*
1332 1982 1375 2012 1n
1391 1966 1522 2013 Scuto

42 2082 45 2089 ζ
89 2044 180 2082 ater
206 2037 377 2096 protulit
404 2034 600 2090 ἐθύνεον,
631 2037 683 2080 de
714 2050 795 2094 quo
814 2034 946 2093 Epim.
970 2033 1107 2078 Cram
1128 2034 1158 2078 Ι.
1178 2035 1248 2077 55.
1280 2035 1522 2093 σεσημείω-

28 2123 109 2162 ,ι
136 2107 187 2152 τὸ
218 2104 333 2163 παρ’
361 2105 559 2164 Ἡσιόδῳ
591 2102 803 2150 εὖθύνεον
842 2103 992 2161 (sic)'
978 2100 1006 2160 ἡ
1034 2105 1303 2162 πλεονασμῷ
1330 2107 1413 2148 τοῦ
1439 2122 1460 2148 ε
1494 2102 1524 2162 ἢ

24 2178 259 2236 εταβολῇ
289 2179 369 2222 τοῦ
397 2178 447 2220 νῦ
467 2178 506 2229 ³)
537 2188 715 2232 namque
744 2174 876 2218 verba
903 2176 946 2216 iu
977 2190 1064 2218 υνω
1092 2175 1287 2218 exeuntia
1317 2174 1527 2230 barytona

85 2257 132 2288 se
168 2241 211 2288 εἶ
237 2243 299 2301 μὴ
331 2240 643 2300 προκατάρχον
673 2258 760 2296 εχει
798 2236 951 2295 ὄνομα.
1009 2240 1088 2284 Hic
1115 2241 1225 2298 quod
1255 2242 1391 2285 solum
1416 2239 1526 2287 ἐθύ-

21 2314 134 2363 ξνεον
160 2316 377 2368 ‘exceptum
406 2309 528 2360 dicit,
555 2308 712 2352 indicio
741 2315 805 2351 est
834 2321 926 2350 eum
954 2308 1062 2365 apud
1092 2308 1413 2366 Aristophanem
1441 2323 1526 2354 non

34 2447 64 2468 ς..
127 2424 167 2470 2)
199 2426 374 2468 Παλλέω,
403 2423 502 2470 quod
524 2422 708 2458 Matthiae
737 2427 889 2469 propter
921 2423 1096 2458 aoristum
1138 2428 1417 2460 controversum
1451 2438 1524 2460 πα

24 2469 145 2531 flium.
179 2482 302 2530 ponit,
334 2492 408 2517 non
434 2481 584 2528 legitur,
625 2491 693 2514 nec
720 2479 894 2525 probatur
929 2480 1206 2526 comparatione
1235 2480 1390 2515 nominis
1429 2479 1527 2516 ἀπο-

52 2537 226 2589 ἄλλησις.
275 2538 318 2574 ld
346 2539 375 2575 si
408 2544 509 2574 recte
532 2537 704 2584 scriptum
734 2540 811 2578 est,
843 2547 866 2570 a
890 2533 1017 2571 πάλλω
1042 2533 1215 2580 παλλήσω
1240 2535 1323 2571 duci
1346 2537 1463 2583 potuit
1489 2541 1527 2571 ut

23 2582 161 2644 filum
186 2592 357 2644 μελλήσω
381 2596 563 2640 μέλλησις.
611 2593 692 2630 Nec
710 2593 819 2628 video
845 2604 910 2627 cur
921 2591 1133 2628 Herodotus
1159 2603 1231 2627 non
1256 2593 1416 2638 potuerit
1441 2592 1527 2628 scri-

22 2648 129 2700 *ibere
147 2655 182 2690 εἰ
203 2654 396 2689 παλαίσειε
425 2650 445 2688 ὁ
469 2649 623 2698 στρατός
646 2650 682 2685 id
711 2656 767 2685 est
793 2662 867 2686 πον
869 2647 976 2694 fiam
1002 2649 1187 2695 quomodo
1213 2660 1328 2695 saepe
1355 2652 1528 2686 παλαίειν

31 2711 168 2762 μακοῒς
189 2710 321 2747 dicitur
346 2715 382 2746 et
406 2709 518 2745 latine
543 2708 684 2743 luctari.

43 2813 47 2818 ι
133 2769 173 2814 3)
204 2769 302 2806 Num
326 2768 398 2804 hoc
420 2767 506 2804 dicit
529 2769 714 2817 μεταβολῆ
738 2769 797 2810 τῆς
823 2767 862 2802 δι
887 2766 1094 2810 συλλαβῆς’2
1201 2820 1256 2862 10

34 2834 37 2841 ι
108 2827 158 2854 no
167 2829 208 2854 be
217 2827 271 2855 ek.
310 2826 350 2853 're
353 2825 409 2853 enh
414 2826 452 2853 οι
