1728 3120
42 115 62 157 Β
532 171 605 216 DE
644 170 883 217 VOCABB.
926 169 1084 215 SENS.
1449 174 1550 221 347

230 287 371 334 atibus
402 301 478 333 cur
506 286 712 332 Homerus
739 285 897 344 νέκταρ
927 282 1133 344 ἐῳνοχόει
1161 291 1202 329 et
1229 282 1370 329 ἵπποι
1390 289 1553 342 βουκο-

137 373 213 401 no
241 356 406 408 dixerit,
435 355 540 400 nihil
567 354 814 413 responderi
844 355 996 411 poterit
1029 354 1112 397 nisi
1142 353 1251 410 quod
1282 354 1373 410 ipse
1403 353 1503 398 olim
1524 368 1551 398 a

65 431 67 435 ⁴
110 424 197 469 iulo
227 425 407 483 quodam
438 437 490 468 ex
519 423 666 467 inseris
698 423 916 472 excitatus,
946 428 989 464 ut
1022 420 1073 463 de
1105 420 1352 478 quibusdam
1380 422 1549 466 insolite

68 493 186 542 fotis
212 493 417 537 rationem
434 490 640 541 redderet,
667 489 939 546 respondisse
970 488 1120 532 dicitur
1142 488 1326 533 breviter
1358 496 1398 533 et
1425 503 1554 548 rega-

79 561 157 604 'ter
183 558 257 604 ὅτι
287 557 429 610 οὕτως
449 555 600 610 ἔδοξεν
630 553 762 615 αὐτῷ.
819 556 926 600 Nam
954 570 1086 614 aeque
1108 564 1244 614 aptum
1275 563 1366 600 erat
1393 558 1553 616 νέκταρ

22 654 29 680 .-
58 626 229 682 έχευε
253 632 295 671 et
311 624 453 670 ἵπποι
468 622 685 680 βόσκοντο
715 625 785 668 vel
813 642 855 669 νε
850 625 1008 678 ’,μοντο
1040 624 1188 682 quibus
1215 623 1318 668 alibi
1350 639 1450 669 usus
1471 633 1556 679 est3

21 682 110 770 lm
145 692 231 751 γὰρ
270 693 487 748 νέμεσθαι
530 691 606 736 καὶ
647 692 696 736 τὸ
732 693 1056 748 βουκολεῖσθαι
1098 692 1173 736 καὶ
1211 691 1262 736 τὸ
1301 690 1555 747 βόσκεσθαι

21 730 223 811 ’,καύτόν
259 777 301 806 τι
341 758 546 818 σημαίνει
575 758 690 803 Eust.
729 760 782 803 ad
810 758 935 803 Dion.
969 759 1064 803 185.
1123 758 1209 803 Sed
1249 759 1431 805 fortasse
1465 763 1554 818 Jam

42 834 147 874 trum
175 829 221 873 in
249 841 444 873 sermone
475 827 718 885 quotidiano
751 827 1047 878 audiebantur,
1073 840 1180 884 quae
1212 828 1321 885 apud
1349 831 1557 886 posterio-

40 904 134 954 eres
163 909 292 954 saepe
322 895 524 952 legimus,
564 894 828 950 βουκόλοι*
817 894 990 946 ἵππων,
1029 896 1398 950 βουκολεῖσθαι“
1386 895 1557 948 ι’ππους

34 968 102 1010 ⁷⁴·v.
130 962 304 1009 Jacobs.
335 964 389 1008 ad
418 963 589 1008 Aelian.
620 977 658 1021 p.
687 962 785 1007 437.
824 977 899 1007 seu
929 964 1029 1020 quia
1059 965 1168 1018 βοῦς
1204 976 1279 1020 pro
1311 970 1448 1019 etymo
1479 977 1555 1008 suo

35 1035 49 1074 ξι
61 1033 156 1076 πᾶν
186 1028 394 1090 βόσκημα
428 1031 668 1088 significare
698 1037 834 1088 potest
873 1032 980 1074 sicut
1009 1027 1239 1086 πρόβατον
1280 1033 1372 1074 πᾶν
1400 1029 1559 1089 τετρά-

19 1098 207 1167 ἶςποιῖον
242 1097 969 1143 Schol.11.X1v.124.v.Dietz
1016 1097 1071 1140 ad
1107 1096 1301 1155 Hippocr.
1334 1097 1385 1141 de
1415 1097 1556 1142 Morb.

16 1164 187 1220 5‘5.Sacr
216 1180 255 1225 p.
286 1166 384 1210 137.
424 1179 501 1210 seu
533 1168 633 1223 quia
669 1165 826 1223 placuit
861 1172 1054 1223 pastores
1095 1164 1306 1222 quoslibet
1340 1166 1557 1222 appellare

19 1221 268 1279 bubulcos
299 1229 392 1279 ἀπὸ
420 1235 500 1278 τοῦ
533 1230 890 1291 ἐπιφανεστάτου
922 1230 1037 1286 ζώου
1068 1230 1211 1276 Schol.
1239 1232 1440 1276 Androm.
1459 1233 1557 1278 281.

19 1290 167 1346 Item
210 1298 395 1360 ἀνδριάς
438 1301 590 1346 dicitur
626 1314 711 1344 non
756 1299 892 1343 solum
938 1299 1125 1343 mulieris
1172 1300 1441 1344 simulacrum
1483 1303 1560 1346 sed

37 1371 192 1415 etiam
229 1372 316 1413 τῶν
345 1364 494 1413 α’λλων
527 1366 650 1422 ζώων
679 1367 841 1411 Anecd
867 1366 1003 1410 Bekk.
1030 1367 1128 1410 395.
1159 1369 1238 1411 etsi
1269 1375 1438 1425 praesto
1469 1376 1561 1413 erat

66 1433 200 1482 εἰκών
237 1437 379 1481 dicere
416 1449 454 1479 v.
485 1434 686 1479 Siebelis.
728 1435 782 1478 ad
814 1435 939 1479 Paus.
974 1434 1008 1478 Ι.
1036 1435 1076 1487 S,
1106 1435 1146 1477 5.
1185 1442 1226 1479 et
1264 1449 1560 1494 nonnunquam

13 1531 16 1535 ·
41 1539 43 1542 Α
67 1498 270 1560 αγαλμα,
315 1517 368 1548 ex
398 1517 478 1560 quo
518 1510 631 1561 patet
658 1503 817 1546 nullam
847 1516 1019 1547 causam
1049 1503 1182 1546 fuisse
1213 1516 1287 1547 cur
1316 1505 1370 1547 ad
1400 1505 1562 1561 signifi-

66 1571 228 1617 candas
258 1571 479 1617 mulierum
499 1578 540 1615 et
567 1571 808 1614 animalium
838 1573 1047 1627 imagines
1066 1570 1185 1614 fictas
1215 1573 1383 1615 nomine
1415 1572 1561 1617 abute-

66 1646 212 1685 rentur
235 1639 390 1684 alieno.
450 1638 540 1683 Sed
565 1653 688 1696 quum
719 1639 851 1683 semel
882 1638 1161 1683 increbuisset
1190 1635 1390 1696 ἀνδριάς,
1419 1640 1563 1685 facilis

67 1707 147 1752 fuit
180 1719 208 1751 a
233 1710 396 1766 potiore
427 1708 611 1764 speciem
642 1707 696 1750 ad
726 1707 968 1751 inferiorem
998 1707 1220 1750 translatio
1253 1704 1367 1750 καθ’
1396 1705 1564 1766 ὑπερο-

8 1823 10 1825 ,
66 1772 160 1834 χήν,
190 1782 234 1820 ut
261 1774 532 1820 Grammatici
566 1774 801 1831 loquuntur,
829 1775 899 1819 vel
929 1771 1034 1818 κατ’
1068 1771 1372 1830 ἐπικράτειαν.
1431 1774 1564 1828 Quin·

66 1842 240 1888 tilianus
269 1857 434 1901 quoque
457 1842 564 1886 VIII.
583 1843 625 1894 6,
650 1843 719 1885 35.
750 1842 883 1895 πυξὶς
916 1843 1058 1900 χαλκῆ
1090 1843 1199 1885 inter
1226 1842 1418 1899 exempla
1447 1850 1565 1886 cata-

69 1910 233 1956 chresis
262 1925 348 1955 non
364 1912 638 1955 necessariae
669 1910 809 1954 refert.
867 1909 931 1953 De
954 1923 1035 1967 quo
1066 1923 1150 1953 non
1181 1922 1382 1967 quaeram
1409 1923 1562 1954 numne

71 1986 227 2024 certum
256 1980 310 2023 sit
337 1992 484 2023 vocem
509 1992 584 2036 per
607 1979 799 2022 diversas
831 1977 1000 2034 linguas
1029 1977 1286 2032 divulgatam
1302 1978 1372 2031 27)
1405 1990 1431 2021 a
1450 1977 1564 2022 buxo

71 2047 303 2092 derivatam
333 2059 454 2098 esse,
494 2047 571 2090 sed
608 2046 750 2089 dubito
783 2059 881 2089 num
908 2046 1178 2088 necessitatis
1215 2058 1348 2088 causa
1377 2052 1566 2090 assumta

73 2116 153 2168 sit3
191 2127 288 2159 nam
316 2114 494 2173 pyxides
523 2114 780 2158 medicorum
811 2120 852 2157 et
879 2114 1249 2171 pigmentariorum
1278 2112 1347 2155 vel
1377 2126 1459 2158 uno
1487 2127 1566 2158 no-

0 2207 1 2228 ;
73 2185 186 2227 mine
216 2183 423 2240 appellari
452 2189 627 2239 possunt
655 2177 858 2236 ἇγγείὸια
886 2181 956 2224 vel
983 2180 1173 2237 pluribus
1204 2179 1461 2237 specialibus
1492 2198 1569 2225 κυ-

0 2239 9 2286 Ῐ
71 2248 260 2305 λιχνίδες
283 2249 468 2302 πυξίδες
498 2247 697 2304 ἶατρικαί
724 2247 825 2291 Hes.
853 2250 1128 2305 μυροθῆκαι,
1162 2243 1440 2304 ἀλάβαστροι
1471 2255 1512 2292 et
1541 2262 1569 2292 a

73 2317 204 2362 simili
227 2318 406 2361 materia
425 2330 543 2371 onyae
571 2315 615 2359 id
645 2322 710 2359 est
739 2315 956 2359 vasculum
979 2315 1310 2370 unguentarium.
1367 2313 1568 2371 Ejusdem

6 2444 8 2448 ,
68 2386 247 2444 'generis
277 2390 342 2429 est
375 2380 539 2435 ἁλιεύς,
571 2383 680 2441 quod
709 2383 960 2441 Apollonius
992 2381 1110 2438 Synt.
1142 2380 1213 2424 ΙΙΙ.
1243 2382 1312 2433 23,
1342 2382 1440 2426 247.
1471 2382 1568 2428 huic

75 2454 286 2512 adjungit:
315 2448 650 2510 τροπικώτερον
678 2451 902 2510 μετῆλθεν
919 2447 985 2500 εἷς
1013 2447 1161 2506 κοινὴν
1187 2445 1479 2505 ἐπίτασινῖὃ)
1508 2448 1570 2503 ὦς

167 2614 231 2660 27)
265 2611 506 2651 Μπούσουλα
539 2611 649 2647 hodie
689 2615 847 2647 vocatur
889 2610 996 2657 pyxis
1041 2610 1120 2646 sive
1154 2610 1327 2656 capsula,
1371 2611 1570 2659 praecipue

3 2679 7 2683 '
77 2673 221 2710 nautica
244 2673 286 2709 la
314 2669 500 2708 boussola
523 2669 561 2705 id
590 2674 646 2704 est
669 2668 815 2704 buxula.

169 2740 233 2787 28)
266 2739 321 2776 Τὰ
338 2741 384 2776 δέ
405 2740 500 2776 εἶσιν
524 2734 822 2775 ἔπιδιατετακότα
841 2730 923 2772 οἷον
947 2734 1140 2785 ζωγράφος
1159 2736 1177 2771 ὀ
1198 2737 1261 2771 καὶ
1284 2735 1327 2772 τὰ
1352 2736 1451 2785 φυτὰ
1475 2736 1570 2786 γρά-

81 2811 171 2848 φων
193 2798 334 2836 Anecd.
358 2797 478 2834 Bekk.
508 2796 610 2833 1164.
634 2794 760 2832 Procl.
784 2794 820 2830 in
846 2794 945 2830 Crat.
970 2806 1006 2841 p.
1034 2794 1089 2831 45.
1116 2794 1174 2830 ed.
1199 2793 1324 2830 Boiss.
