1728 3120
40 26 70 304 ι’
328 177 431 221 cn.
467 177 510 220 v,
571 177 642 221 DE
680 177 876 223 vssassls
908 178 1166 233 momnis,
1398 185 1494 232 129

42 335 59 367 t
96 288 323 334 vocalem
352 303 454 348 prae
485 304 532 334 se
553 291 700 343 ferunt,
729 293 852 337 modo
884 292 1032 350 alpha,
1062 306 1159 336 nam
1185 306 1277 337 cum
1304 294 1493 350 γέγαμεν

18 325 95 463 ὃ
100 358 294 414 βαμεν)
331 359 524 402 convenit
552 357 679 414 γίγας
708 356 732 402 ὁ
763 357 946 417 γηγενής
975 367 1015 404 et
1049 358 1260 417 νηγάτεος
1290 356 1383 405 ἇπὸ
1414 364 1492 406 τοῦ

41 387 81 500 {a
99 448 113 463 ι.
154 420 216 476 ὡς
242 421 372 468 κείνω
398 421 532 476 τατός
546 423 644 468 Sch.
663 424 710 467 ΙΙ.
736 424 787 467 ΙΙ.
804 425 874 469 43.
899 427 1009 483 quod
1040 429 1297 471 assumtione
1319 427 1490 485 dignum

40 533 82 558 4st
122 504 176 542 ·‚r
214 503 306 535 cum
336 491 422 547 γέω
450 505 574 542 vero,
607 494 670 535 cui
699 490 794 534 EM.
826 506 976 536 nomen
1012 494 1091 549 γέα
1121 494 1327 552 applicat,
1359 493 1493 551 τηλύ-

40 604 51 636 ι
148 559 356 602 Proculus
378 559 447 611 29)
486 566 526 602 et
556 559 724 615 indiges
753 559 834 603 hoc
869 567 932 604 est
963 559 1162 617 ἐγγενής,
1194 575 1289 605 nam
1326 575 1352 605 a
1380 576 1491 618 geno

138 625 312 681 indigen
340 632 383 669 ut
421 629 632 670 cornicen.
694 626 900 670 Graecum
935 627 1043 682 γένω
1077 635 1116 671 et
1147 642 1254 686 quae
1286 628 1491 674 Technici

102 691 282 736 ·similia
317 692 475 749 fingunt
506 693 648 750 φένω,
690 694 820 744 τένω,
861 702 1170 750 cognoscuntur
1210 696 1412 740 duntaxat
1438 710 1491 740 ex

132 762 217 804 tis
246 759 424 816 γέγονα,
457 761 605 815 γένος,
634 758 783 812 τόνος,
814 761 948 805 τένων
977 762 1122 813 tendo,
1162 763 1306 819 πέφνε
1337 761 1488 821 φόνος.

18 657 80 722 tt?

18 729 122 798 tti-

18 796 108 858 ξ’
84 840 86 842 ’
163 827 270 871 duas
302 826 430 870 habet
459 827 790 883 significationes
820 828 1016 871 manendi
1047 836 1086 871 et
1122 828 1362 872 obstinandi
1392 844 1490 887 per-

39 882 51 905 ’
72 910 88 944 χ,
128 895 300 952 ndique
328 907 356 938 a
385 896 604 946 communi,
634 901 677 937 ut
701 893 801 936 mihi
831 894 996 951 quidem
1024 895 1199 946 videtur,
1233 881 1345 939 fonte
1368 898 1487 941 verbi

18 932 82 1030 ε’
80 963 319 1016 (μαιμῶ,
349 961 561 1016 μαίομαι)
593 961 829 1012 derivatas,
870 974 994 1003 unam
1025 975 1100 1018 per
1128 964 1269 1006 omnia
1297 969 1487 1020 tempora

91 1041 208 1080 λιιι,
252 1027 427 1072 alteram
459 1028 633 1085 perfecti
672 1029 906 1085 propriam,
946 1029 1062 1084 cujus
1099 1028 1250 1086 duplex
1282 1036 1346 1073 est
1377 1032 1487 1087 apud

64 1107 214 1140 orum
244 1097 408 1153 species
431 1093 479 1138 ll.
499 1093 650 1138 XVIII.
675 1093 768 1138 157.
803 1092 1032 1148 ἓκλέμεναι
1060 1094 1247 1150 μεμαώς
1275 1103 1316 1140 et
1341 1098 1486 1155 paullo

19 1078 72 1182 G
113 1176 154 1207 v
184 1162 280 1207 176
325 1159 555 1216 ἑλκέμεναι
593 1162 801 1217 μέμονεν,
847 1162 995 1219 quippe
1035 1163 1286 1207 indicativus
1325 1167 1487 1209 numeri

19 1205 49 1245 ’ξ
74 1264 79 1280 ;
100 1231 221 1274 ‹aris
256 1228 410 1284 μέμαα
438 1242 523 1273 non
551 1231 688 1286 magis
720 1229 946 1272 admittitur
980 1243 1103 1286 quam
1130 1230 1294 1285 βέβαα,
1334 1232 1486 1289 γέγαα.

19 1275 74 1313 ⁷⁶³
104 1314 141 1342 ω
170 1310 245 1342 οιιι·
272 1309 357 1340 ιιοιι
387 1302 598 1354 receptum
618 1298 684 1348 sit,
715 1310 767 1340 ex
798 1297 851 1339 iis
882 1309 989 1353 quae
1020 1298 1062 1339 in
1086 1299 1353 1353 ingressione
1384 1299 1420 1354 ξ.
1444 1300 1484 1342 3.

19 1339 73 1449 {g
99 1365 377 1408 rminationis
408 1363 529 1420 hujus
567 1364 797 1408 insolentia
825 1364 938 1407 dicta
965 1371 1077 1416 sunt,
1115 1364 1295 1421 intelligi
1335 1372 1485 1422 potest,

26 1429 46 1485 Ὺ
77 1443 287 1477 -consona
318 1433 362 1474 in
385 1433 560 1489 primam
591 1431 803 1488 syllabam
831 1431 1047 1475 transfusa
1072 1431 1273 1475 finxerunt
1303 1433 1485 1477 medium

80 1503 205 1549 ’θαι,
234 1500 303 1544 cui
332 1512 424 1543 cum
452 1497 690 1553 μαίεσθαι,
719 1505 762 1542 ut
792 1506 886 1542 ante
917 1499 1107 1555 praedixi
1126 1498 1303 1542 Dissert.
1323 1498 1353 1541 I.
1385 1501 1422 1555 ς.
1445 1501 1483 1543 l.

32 1564 220 1621 jmunis
245 1573 310 1610 est
329 1566 406 1609 sed
431 1565 570 1610 lenior
599 1565 833 1623 appetendi,
863 1566 1074 1608 ambiendi
1099 1565 1375 1621 significatio,
1405 1580 1484 1610 nec

33 1676 36 1683 Δ
83 1639 230 1692 repant
260 1634 463 1685 derivata,
495 1634 602 1677 sicut
622 1631 766 1676 Schol.
784 1631 902 1674 Pind.
930 1630 1047 1675 Nem.
1065 1631 1096 1673 Ι.
1115 1633 1184 1675 23.
1210 1639 1360 1689 poetae
1389 1646 1485 1676 ver-

114 1700 318 1755 πολέμου
344 1701 576 1757 μναστῆρα
607 1699 788 1756 explicat
815 1699 1019 1756 μνήμονα
1048 1699 1266 1753 πολέμου,
1300 1697 1485 1757 ἐπιστή-

49 1792 91 1808 ,ι
141 1766 302 1822 ὅμοιον
339 1768 406 1824 τῷ
444 1762 650 1824 ὃμηρικῷ
684 1763 919 1823 μήστωρες
951 1762 1104 1823 ἀϋτῆς,
1144 1769 1211 1809 cui
1240 1764 1484 1810 Eustathius

35 1845 38 1849 ·
83 1849 179 1879 0-m.
214 1833 333 1878 Pind.
363 1847 404 1890 p.
431 1832 472 1876 S.
506 1833 614 1886 (56.)
649 1838 863 1889 comparat
900 1829 1136 1889 μνήσασθε
1176 1833 1225 1877 δὲ
1263 1830 1485 1890 θούριδος

107 1918 140 1955 ς,
161 1903 230 1954 ³⁰)
261 1902 553 1959 propriumque
580 1899 759 1954 Μέντης
790 1898 867 1941 τὸν
894 1896 1123 1952 μενετικόν
1153 1899 1394 1956 significare
1426 1902 1486 1944 ait

35 1977 50 1998 2
107 1968 160 2012 ll.
182 1966 398 2012 XV11.73.
432 1966 615 2011 Mentori
644 1980 746 2010 vero
780 1964 1027 2009 Telemachi
1058 1968 1196 2010 comiti
1216 1966 1483 2011 Ptolemaeus

34 2032 58 2047 ”
80 2035 316 2080 haestionis
350 2034 603 2079 assimilavit
635 2032 891 2077 Noemonem
924 2031 1107 2076 Achillis
1146 2031 1350 2091 μνήμονα
1389 2036 1482 2079 sive

55 2103 59 2106 ’
90 2106 235 2148 ‘torem
262 2101 313 2146 L.
343 2101 374 2145 Ι.
405 2116 444 2160 p.
464 2102 533 2145 13.
565 2101 630 2144 ed.
662 2099 785 2144 Roul.
832 2100 962 2144 Πένω
1003 2101 1092 2144 sive
1130 2101 1278 2146 πονέω
1308 2108 1348 2145 et
1377 2118 1483 2146 ποι-

61 2187 113 2215 ιω
143 2184 236 2216 cum
275 2169 396 2214 πνέω
433 2168 586 2212 anhelo
617 2181 668 2212 eo
708 2175 883 2211 naturae
922 2166 1093 2210 foedere
1132 2170 1360 2212 constrIcta
1390 2176 1484 2212 sunt

27 2231 189 2283 stannes&
218 2233 415 2287 πνεύσας
442 2235 560 2278 Pind.
592 2233 659 2278 Ol.
680 2234 734 2278 X.
763 2235 857 2277 lll.
887 2247 978 2277 cum
1008 2231 1211 2291 πονήσας
1239 2239 1485 2281 commutari

37 2302 124 2349 Ῑείι
152 2311 194 2348 et
224 2301 334 2358 ἐμοῦ
361 2302 490 2359 χάριν
517 2302 663 2346 πνέων
691 2301 846 2345 Aesch.
866 2300 1019 2357 Agam.
1037 2301 1161 2344 1179.
1197 2316 1288 2346 cum
1319 2306 1481 2347 πονῶν.

30 2375 204 2427 svouon
241 2369 350 2414 unde
381 2376 514 2413 ortum
554 2370 608 2412 sit
636 2375 769 2425 patet;
808 2367 960 2412 κτείνω
989 2367 1231 2412 Eustathius
1261 2370 1386 2422 1925,
1410 2371 1480 2414 27.

26 2436 57 2484 ff·
90 2437 201 2483 κτέω
245 2436 397 2487 refert,
442 2437 559 2492 quus
602 2435 766 2479 vocalis
805 2438 847 2478 in
886 2433 1003 2488 κτείς
1045 2443 1239 2494 apparet,
1283 2437 1359 2481 sed
1407 2437 1483 2481 alii

26 2529 416 2553 g—————-——

48 1904 106 1921 ,μυ

28 2590 144 2655 ι·ἷ-Ξ9)
177 2607 261 2644 Hoc
292 2607 438 2644 nomine
462 2606 595 2643 Festus
628 2607 736 2642 docet
770 2613 831 2642 aut
862 2608 989 2653 procul
1014 2619 1036 2643 a
1060 2613 1164 2655 patre
1197 2613 1319 2644 natum
1346 2608 1484 2654 (Τηλέ-

69 2666 121 2711 ν)
155 2662 355 2712 significari
383 2668 443 2700 aut
468 2674 548 2699 eum
578 2665 637 2710 qui
668 2665 763 2711 patri
790 2664 869 2699 seni
901 2670 1004 2699 natus
1030 2665 1088 2701 sit.
1128 2664 1172 2702 cs.
1199 2665 1371 2712 Prolegg.
1400 2664 1479 2701 374.

27 2726 58 2768 Q
72 2732 208 2770 graeco
232 2721 395 2768 epitheto
420 2721 586 2756 dissentit
608 2721 868 2757 Doederlinus.

48 2781 57 2802 *-
82 2779 144 2825 ³0)
175 2778 367 2825 Ἐπιμαίεο
392 2775 528 2824 odyss.
554 2778 635 2816 XII.
662 2778 741 2814 2⁴20.
768 2777 893 2814 Schol.
921 2777 1164 2825 ἒπιμέμνησο.

29 2834 207 2865 manech.
240 2834 383 2864 Techuol.
1172 2835 1202 2877 9
