1728 3120
289 190 394 236 Cu.
425 189 492 235 lv.
551 188 623 232 DE
655 187 853 233 VERBIS
883 187 1255 233 DENTALIBUS.
1451 190 1517 237 87

72 320 187 363 yrum
225 305 295 351 hic
327 319 406 350 nos
443 304 634 350 obturbat
663 304 872 348 vocalium
905 305 1131 349 similitudo
1173 305 1229 348 ad
1259 304 1514 360 distinguen-

74 396 119 423 »ι
173 373 370 424 difficilis.
430 372 783 426 Quemadmodum
822 374 932 416 enim
974 375 1018 416 in
1055 371 1128 417 Ev.
1167 371 1302 416 Marc.
1339 370 1413 415 IX.
1446 372 1516 416 18.

77 463 97 481 -1
137 441 277 499 τρίζει
301 439 406 494 τοὺς
433 436 619 493 ὀδόντας
640 441 685 483 in
711 440 829 484 codd.
857 441 1068 484 nonnullis
1098 442 1292 498 scriptum
1321 447 1386 484 est
1413 437 1518 498 τρύ-

80 538 122 562 «ψ,
162 511 226 554 sic
264 511 373 553 inter
411 508 519 552 haec
552 508 686 552 verba
724 510 931 566 scriptura
971 509 1138 554 fluctuat
1179 509 1428 566 saepissime
1474 522 1514 552 v.

61 599 67 606 =
99 577 204 622 obs.
236 577 291 621 ad
321 576 515 622 Philostr.
546 590 585 634 p.
614 576 714 621 232.
746 584 786 620 et
815 585 879 620 est
908 577 978 620 ubi
1011 576 1116 620 nihil
1146 576 1325 620 referat:
1357 574 1381 621 ὁ
1412 593 1518 633 τρυ-

50 641 212 704 ''121'937‘
259 642 467 703 τρισμός,
524 641 744 701 ἑκατέρως
784 645 869 701 γὰρ
909 641 1042 688 αὐτὸν
1085 641 1394 699 ὀνομάζουσιν,
1439 642 1517 688 ἐπὶ

58 710 234 762 foetidae.
269 710 487 766 πνεύματι
523 710 715 769 γίγνεται
762 711 909 756 Galen.
943 713 993 756 de
1021 711 1178 771 Sympt.
1218 711 1344 756 Caus.
1372 711 1442 755 III.
1474 711 1515 763 6,

2 836 5 841 ‚
91 789 102 802 ⁶
159 779 213 824 T.
244 779 331 824 Vll.
389 778 452 824 Ex
480 778 560 824 hoc
587 787 728 824 tamen
754 793 838 824 non
868 782 1053 837 sequitur
1082 788 1124 824 ut
1152 781 1304 838 ubique
1333 783 1441 824 inter
1467 793 1515 824 se

39 850 278 897 commutari
311 850 485 907 possint,
515 850 624 905 quod
649 861 734 891 nou
760 849 954 904 permittit
983 846 1225 891 Eustathius
1255 862 1293 906 p.
1323 849 1420 900 229,
1444 848 1514 892 25.

39 915 195 974 βρίζειν
225 914 320 965 ἔστι
339 914 390 961 τὸ
413 915 577 959 λεπτὸν
606 911 726 972 ἠχεῖν
746 913 860 958 κατὰ
880 914 961 966 τὰς
988 914 1255 972 νυκτερίδας,
1285 915 1336 959 τὸ
1365 915 1518 969 μέντοι

36 981 226 1042 ερύζειν,
258 979 336 1041 ἀφ’
369 975 422 1026 οὗ
452 979 478 1040 ἦ
514 980 704 1039 τρυγών,
734 980 1124 1040 τραχυφωνότερόν
1154 981 1267 1033 ἐστι,
1299 997 1380 1040 quo
1411 983 1516 1027 duce

58 1050 256 1099 wobsius
299 1050 356 1094 ad
397 1049 522 1094 Anth.
561 1047 637 1092 XI.
672 1049 769 1092 352.
813 1049 983 1106 vulgato
1021 1049 1159 1108 χορδή
1203 1046 1516 1109 ὖποτρύζουσα

81 1118 214 1165 aefert
241 1117 499 1162 Planudeum
530 1113 854 1175 ὖποτρίζουσα,
894 1117 1004 1175 quod
1032 1119 1168 1174 magis
1187 1131 1279 1162 cum
1308 1118 1515 1176 τερετίζω

34 1188 225 1242 convenit
261 1187 315 1242 cf.
349 1184 558 1230 Weruick.
597 1185 651 1229 ad
691 1183 847 1242 Tryph.
887 1199 925 1243 p.
952 1185 1050 1229 285.
1108 1186 1173 1230 Ac
1212 1185 1313 1230 mihi
1351 1199 1514 1243 quoque

33 1253 205 1314 ρύζειν
241 1267 268 1298 a
305 1252 468 1312 τρίζειν
515 1260 672 1298 tautum
721 1252 888 1296 differre
932 1254 1094 1298 videtur
1137 1261 1332 1312 quantum
1369 1255 1513 1310 gravis

43 1336 160 1367 ·uus
202 1321 256 1367 ab
294 1329 415 1366 acuto
454 1329 494 1365 et
536 1322 692 1365 iccirco
729 1322 783 1364 iis
822 1321 929 1365 locis
968 1322 1039 1365 ubi
1076 1336 1237 1374 mures,
1286 1329 1516 1380 serpentes,

31 1391 206 1450 v›scadae
237 1397 279 1435 et
304 1389 548 1434 hirundines
577 1388 702 1432 Anth.
733 1387 781 1431 V.
809 1389 906 1432 327.
936 1386 1109 1447 τρύζειν
1139 1390 1347 1442 dicuntur,
1381 1392 1516 1448 aptius

73 1459 168 1504 dico
197 1457 378 1516 τρίζειν,
415 1464 571 1502 rectum
598 1469 700 1501 vero
741 1452 964 1513 ὄλολυγιὺν
1001 1454 1301 1516 ὑποτρύζεσκε
1334 1457 1514 1503 Theocr.

66 1527 118 1571 11.
159 1526 255 1571 139.
302 1538 538 1583 quanquam
586 1524 799 1568 confundit
845 1523 1081 1580 Hesychius
1130 1525 1293 1582 Τριγός
1333 1524 1514 1583 τρυγών.

47 1603 83 1639 t
109 1597 154 1638 in
181 1595 417 1638 universum
454 1594 493 1636 si
521 1593 623 1649 -quis
664 1599 832 1635 caetera
870 1592 990 1648 huJ'us
1028 1594 1198 1647 generis
1229 1593 1400 1637 facticia
1429 1607 1515 1637 me-

28 1664 232 1707 '·iocriter
267 1660 392 1705 modo
422 1660 752 1704 consideraverit
790 1666 832 1702 ut
871 1657 1039 1715 κράζω,
1083 1657 1217 1716 κρίζω
1240 1662 1307 1714 ²²)
1348 1659 1515 1719 κρώζω,

39 1778 42 1780 ,
95 1728 192 1785 ’ζω,
222 1726 389 1783 κλώζω,
420 1726 578 1787 φλάζω
601 1724 831 1784 παφλάζω
863 1726 980 1779 λέξις
1007 1722 1116 1784 ἤχου
1143 1727 1357 1787 μιμητικὴ
1388 1728 1516 1787 παρὰ

32 1799 82 1845 τὸ
111 1796 238 1856 φλέω.
267 1790 295 1840 ὃ
327 1794 403 1840 καὶ
431 1792 560 1854 φλύω
593 1794 768 1850 λέγεται
797 1792 893 1836 ΕΜ.
925 1793 1020 1845 756,
1050 1793 1119 1838 48.
1155 1792 1330 1852 φλύζω,
1356 1793 1516 1850 χλάζω,

33 1895 40 1901 ,
70 1863 248 1922 ,χλάζιιῃ
280 1863 470 1919 κιχλίζω,
497 1876 582 1907 non
611 1861 780 1905 dubium
804 1862 894 1906 sore
924 1869 1020 1918 puto
1050 1861 1128 1905 has
1158 1862 1367 1906 vocalium
1388 1865 1516 1908 vicis-

36 1934 236 1979 itudiues
270 1931 412 1977 dedita
449 1943 579 1989 opera
610 1931 742 1974 variis
774 1944 970 1974 sonorum
1001 1930 1319 1974 modulamentis
1350 1945 1516 1976 accom-

27 2002 223 2047 odatas
257 2013 368 2044 esse.
426 1996 596 2053 Λύζειν
635 1997 740 2041 nihil
775 1998 950 2042 ulterius
979 1997 1124 2050 habet,
1161 1998 1236 2042 sed
1277 1997 1448 2054 κλύζειν
1477 2007 1518 2044 et

27 2071 205 2125 §.atinum
233 2070 368 2112 cluere
395 2067 439 2110 id
469 2073 532 2110 est
561 2080 755 2124 purgare,
784 2067 920 2110 simile
950 2074 1015 2110 est
1043 2079 1201 2122 graeco
1232 2064 1335 2110 λόω.
1394 2065 1517 2125 Σφύ-

30 2151 31 2154 ’
57 2155 122 2184 ειν
150 2136 206 2182 ad
233 2137 364 2194 σπᾷν,
393 2131 655 2192 σφαδάζειν,
686 2137 934 2192 σφαραγεῖν
962 2134 1111 2178 referri
1141 2141 1313 2191 op01·‚tet
1344 2135 1394 2178 de
1426 2137 1516 2192 qui-

24 2220 110 2264 ·fus
150 2217 280 2263 supra
311 2203 499 2260 exposui.
556 2200 696 2256 Στίζω
734 2215 761 2245 a
795 2199 940 2255 στάζω
981 2209 1112 2246 ortum
1153 2216 1248 2245 esse
1289 2202 1515 2251 hariolatio

27 2282 97 2319 est
123 2272 364 2317 Herodiano
401 2271 471 2314 vix
506 2270 636 2325 digna
671 2271 716 2312 iu
744 2268 840 2312 EM.
869 2270 971 2320 539,
1011 2270 1051 2313 5.
1110 2267 1261 2324 Σχάζω
1306 2278 1346 2314 et
1383 2269 1515 2325 σχίζω

27 2342 235 2387 interdum
272 2339 514 2383 commutari
550 2343 723 2394 possunt
758 2351 796 2380 v.
843 2337 896 2380 ad
927 2337 1079 2394 Phryu.
1116 2338 1214 2381 219.
1254 2339 1330 2381 sed
1366 2346 1517 2381 natura

27 2418 169 2455 tamen
193 2408 364 2452 diversa
387 2405 596 2455 videntur,
635 2411 816 2460 cognata
842 2419 943 2448 vero
974 2405 1132 2460 ἕξομαι
1160 2405 1262 2459 ι’ζω,
1295 2403 1517 2460 κεχλαδώς

26 2473 243 2539 κεχλιὸώς
279 2488 318 2519 v.
358 2473 412 2518 ad
439 2471 589 2516 Buttm
617 2472 714 2515 326.
772 2471 867 2515 Jam
904 2472 1031 2518 breve
1069 2474 1264 2530 quiddam
1297 2481 1427 2516 restat
1464 2474 1514 2515 de

33 2546 257 2590 mutatione
299 2554 512 2586 consonae
547 2540 699 2584 finalis.
766 2538 951 2583 Λάσθω
989 2542 1219 2596 κακολογῶ
1258 2548 1369 2598 patet
1403 2542 1515 2584 idem

25 2618 130 2672 {esse
182 2625 233 2656 ac
281 2607 398 2664 λάζω
436 2607 622 2665 ὑβρίζω,
669 2607 744 2651 sed
788 2605 1021 2662 βιβάσθων
1064 2608 1280 2666 plurimum
1326 2608 1460 2651 differt
1490 2622 1516 2651 a

124 2773 187 2818 22)
220 2773 317 2817 Γαλῆ
341 2774 494 2820 κρίξασα
518 2770 659 2805 Aetian.
683 2770 728 2805 Η.
755 2771 846 2805 Ann.
872 2769 933 2805 ΙΧ.
954 2769 1009 2805 41.
1033 2769 1113 2806 cod.
1141 2773 1301 2817 τρί’ξασα.
1357 2771 1515 2819 Τρισμὸς

26 2829 127 2878 ’μυός
150 2829 337 2868 Plutarch.
363 2828 408 2866 cs.
434 2827 640 2865 Hemsterh.
665 2828 712 2864 ad
738 2827 848 2864 Arist.
872 2827 970 2864 Plut.
998 2839 1032 2874 p.
1059 2826 1137 2862 415.
