1728 3120
221 163 267 207 P.
293 163 346 208 Π.
404 163 476 206 DE
507 162 816 208 NOMINIBUS
843 162 1140 209 SECUNDAE
1170 164 1386 209 DECLIN.
1453 169 1556 218 279

50 274 227 329 'videtur
254 275 379 328 1778,
407 276 474 320 18.
534 276 653 330 Quae
684 291 813 334 supra
841 285 926 321 tres
956 277 1149 334 syllabas
1178 277 1334 322 habent
1361 279 1553 324 vocalem

169 343 293 388 licem
329 345 539 401 accipiunt
564 343 792 398 βασκαίνω
815 343 1052 400 βάσκανος,
1083 344 1306 402 ταργαίνω
1335 344 1553 404 τάργανον

133 443 145 455 .
173 410 323 468 quibus
353 411 605 456 contrarium
623 408 901 466 Σκύδμαινος
929 410 1206 470 σκυθρωπός
1223 411 1323 456 Hcs.
1351 427 1436 457 non
1463 415 1551 458 sin-

64 488 160 531 m
188 479 386 535 scriptum
405 478 588 531 videtur3
620 476 807 536 φαεινός
833 492 934 523 vero
965 493 1048 523 non
1074 493 1101 523 a
1119 478 1289 537 φαείνω
1320 480 1551 525 derivatum

83 555 85 557 ’
155 545 232 589 sed
261 553 475 612 ut—rumque
509 558 538 588 a
565 542 670 603 φάω
708 544 777 589 vel
808 542 939 604 φάος.
998 544 1141 603 Neque
1172 546 1296 590 aliter
1326 547 1370 591 fit
1407 548 1550 593 verbis

118 627 170 661 ae
203 616 248 658 in
283 631 349 673 ρω
388 621 559 666 exeunt,
598 613 808 673 καθαίρει)
853 613 1081 672 καθαρός,
1119 614 1310 673 γεγαίρω
1349 616 1551 677 γεγαρός,

152 679 303 739 μαίρω
344 680 605 740 μάρμαρος,
654 697 880 739 γαργαιρω
924 679 1147 742 γάργαρα,
1190 682 1353 741 εναίρω
1399 681 1548 742 ἔναρα.

1 750 4 755 “
38 746 348 823 §Diphthongus
378 767 419 796 ει
448 750 585 795 eidem
613 750 873 808 imparilitati
895 751 1079 796 obnoxia
1107 758 1184 796 est.
1242 751 1348 796 Nam
1367 754 1550 811 plerum-

36 818 140 897 ’μοι
168 817 333 875 quidem
363 818 460 862 huic
490 821 578 863 iota
615 818 822 862 auxiliare
849 818 1079 862 detrahitur
1112 819 1247 876 epsilo
1287 821 1332 863 in
1361 823 1549 866 omicron

42 890 237 942 mutato:
267 882 330 938 ὥς
360 884 532 943 σπείρω
563 883 758 941 σπόρος,
788 883 969 943 φθείρω
1000 884 1202 944 φθόρος,
1231 884 1375 939 οὕτως
1402 886 1549 946 πείρω

0 946 3 952 ’
42 949 207 1032 ῥπάρος
234 951 335 997 Sch.
364 952 413 996 Il.
443 951 599 996 XXIV.
627 953 694 995 ll.
725 951 874 1008 quibus
900 952 1112 996 Arcadius
1133 951 1204 995 68.
1235 952 1351 997 addit
1378 951 1548 1012 πτείρω

41 1016 231 1075 μιτόρος
259 1016 284 1064 ὁ
314 1017 531 1077 πταρμός,
562 1017 670 1078 εἴρω
693 1018 813 1077 ὅρος,
832 1021 898 1073 ¹⁴)
925 1017 1068 1075 μείρω
1096 1016 1266 1075 μόρος·
1298 1020 1551 1077 σεσημαίω-

31 1069 134 1290 flac
171 1087 223 1130 τὸ
251 1084 414 1144 δαρός·
451 1083 478 1131 ὅ
507 1085 797 1144 δεδαρμένος,
838 1082 879 1128 εἶ
908 1084 983 1129 καὶ
1014 1084 1064 1129 ἐκ
1091 1087 1174 1130 τοῦ
1204 1083 1338 1143 δείρω
1367 1084 1548 1142 γίνεται,

57 1152 131 1203 Hb!
160 1159 232 1197 aut
264 1149 307 1196 εἰ
331 1151 395 1211 μὴ
435 1152 485 1196 ἐκ
512 1154 595 1197 τοῦ
624 1150 766 1211 δαίρω
798 1151 1064 1196 scribendum
1099 1159 1170 1196 aut
1198 1152 1335 1196 solum
1366 1155 1444 1198 καί
1474 1155 1549 1199 de-

53 1217 224 1284 gendum
265 1226 350 1272 est;
389 1233 541 1264 nomen
580 1220 715 1277 ipsum
750 1221 953 1264 memoria
990 1220 1220 1272 intercidit,
1259 1234 1339 1264 nec
1377 1219 1548 1278 πτείρω

112 1287 181 1331 bis
218 1288 396 1331 innotuit
432 1287 509 1331 sed
551 1284 751 1344 πταίρω,
791 1288 900 1331 unde
937 1285 1112 1346 πτάρος
1146 1287 1419 1332 derivandum
1458 1296 1550 1332 erat

0 1358 3 1365 ⁴
105 1354 134 1399 d
163 1353 319 1412 placuit
340 1352 546 1412 πταρμός
575 1354 716 1398 dicere
746 1361 788 1397 ut
815 1354 958 1411 σαίρω
988 1352 1173 1412 σαρμός.
1232 1353 1420 1399 Eandem
1436 1358 1551 1400 viam

126 1424 254 1466 istunt
279 1420 627 1479 hyperdisyllaba
659 1417 826 1477 ἆγορός
854 1418 1015 1479 ἀγορά,
1051 1419 1271 1480 γρήγορος
1298 1425 1389 1467 sive
1419 1421 1550 1482 ἐγρή-

31 1475 210 1561 ἔφορος,
247 1487 470 1549 μετήορος
498 1495 575 1532 etc.
635 1487 787 1532 Verum
816 1488 858 1531 fit
889 1491 1015 1532 etiam
1043 1496 1087 1532 ut
1114 1503 1198 1532 non
1228 1491 1317 1534 iota
1343 1493 1551 1534 eximatur

30 1554 135 1620 *ned
162 1559 330 1617 epsilon
358 1558 488 1603 verbo
521 1560 719 1601 insertum
749 1556 908 1611 στίχος,
940 1556 1103 1613 στίβος,
1134 1558 1202 1602 vel
1234 1565 1275 1602 ut
1303 1577 1344 1604 ει
1373 1567 1551 1604 mutetur

28 1627 103 1698 fin
134 1647 200 1679 οι,
244 1626 376 1672 κλείω
406 1624 576 1678 κλοιός,
619 1628 685 1671 cui
727 1626 864 1670 simile
900 1627 1064 1671 videtur
1103 1630 1227 1672 κοῖον
1255 1628 1306 1672 τὸ
1349 1627 1550 1687 ἐνέχυρον

28 1676 158 1753 {Rem
186 1697 231 1740 id
261 1702 327 1740 cst
356 1691 649 1746 ὑποκείμενον
678 1707 705 1738 a
744 1700 962 1751 prototypo
995 1692 1100 1738 κείω
1127 1693 1178 1738 τὸ
1211 1698 1385 1749 κεῖμαι,
1425 1709 1550 1753 prae—

22 1759 176 1820 ‘storea
202 1765 400 1818 στοῖχος,
442 1756 618 1812 ἀοιδός,
650 1758 861 1817 ἀμοιβάς,
898 1759 1060 1812 λοιπός
1085 1768 1164 1805 etc.
1224 1761 1454 1818 Singulare
1485 1771 1551 1807 est

28 1821 218 1890 ιιμιιίρω
257 1828 414 1887 ἵμερος
458 1828 761 1873 substantivum
799 1835 840 1872 et
878 1828 1126 1885 adjectivum
1168 1829 1317 1872 eodem
1360 1838 1550 1875 accentu.

26 1859 163 1955 {Num
201 1895 480 1955 diphthongus
521 1899 688 1952 integra
728 1896 783 1940 ad
820 1909 970 1939 nomen
1008 1898 1189 1939 transire
1226 1898 1380 1954 possit,
1424 1898 1550 1942 valde

24 1947 249 2021 {Dubium
278 1977 376 2008 nam
404 1964 561 2022 proprii
580 1959 796 2018 Ἀμειβος
825 1961 924 2007 Sch.
951 1962 997 2005 ll.
1023 1961 1122 2005 XX.
1146 1963 1243 2006 329.
1276 1970 1399 2021 atque
1429 1965 1551 2009 femi-

55 2034 98 2043 ”
131 2045 249 2077 orum
276 2027 441 2089 ἄμείβη
471 2037 511 2074 et
538 2028 683 2086 πείθη
713 2032 938 2088 scriptura,
977 2037 1020 2073 ut
1057 2036 1182 2074 antea
1222 2030 1336 2082 dixi,
1381 2033 1549 2076 minime

108 2107 196 2152 ηις
225 2112 306 2143 nec
331 2099 436 2142 satis
464 2099 631 2141 testium
661 2097 789 2141 habet
824 2094 995 2156 φειδός.
1057 2095 1379 2142 Choeroboscus
1411 2098 1549 2143 Cram.

98 2167 222 2212 ‚2731
251 2165 591 2225 φείδομαι-το
622 2165 671 2209 δὲ
700 2163 846 2223 φίδως
875 2165 973 2215 (sic)
1003 2164 1246 2223 ῥηματικὸν
1273 2162 1551 2224 ἐπεκράτησε

64 2287 69 2294 Ἰ,
87 2235 137 2282 ιὰ
164 2237 244 2280 τοῦ
269 2225 599 2293 ι-γράφεοθαι,
624 2247 700 2291 pro
730 2247 811 2291 quo
843 2235 886 2277 in
917 2232 1048 2289 Etym.
1070 2233 1288 2286 Gud.548,
1316 2233 1385 2277 48.
1417 2235 1554 2294 ‹pictos-

71 2312 75 2313 ’
115 2305 213 2347 ‘tum
243 2308 308 2346 est
342 2301 615 2357 harytonum‚
654 2303 770 2357 cujus
804 2300 1006 2358 prosodia
1045 2307 1086 2343 ut
1122 2302 1303 2352 videtur,
1340 2314 1426 2345 non
1464 2303 1554 2347 alia

105 2372 135 2415 't
161 2382 287 2428 quam
314 2369 462 2413 aoristi
492 2368 752 2425 πεφίῠοντο,
780 2367 888 2410 unde
921 2366 1025 2410 illud
1051 2366 1233 2412 derivari
1261 2371 1394 2426 potuit
1422 2376 1465 2414 ut
1495 2371 1550 2415 ab

41 2465 46 2498 i
62 2435 227 2497 ἔφυγον
251 2433 407 2495 φυγάς.
464 2433 618 2478 Verum
645 2435 754 2478 enim
780 2434 888 2491 apud
906 2432 1210 2478 Callimachum
1239 2434 1395 2491 legitur
1416 2435 1554 2495 φιδός

35 2504 149 2559 ζὲἰοῑα
171 2503 384 2563 producto,
415 2502 523 2560 quod
546 2504 692 2547 nescio
722 2503 792 2559 qui
819 2501 978 2545 admitti
1008 2503 1164 2559 possit·,
1191 2514 1287 2545 nam
1307 2504 1378 2559 qui
1400 2517 1553 2548 nomen

157 2654 215 2700 14)
251 2653 315 2690 Sic
340 2658 378 2688 et
401 2651 527 2690 Schol.
555 2651 667 2688 Dion.
694 2651 853 2688 Gramm.
878 2651 956 2687 649.
1007 2650 1095 2687 Veri
1118 2652 1266 2689 similius
1290 2657 1347 2688 est
1371 2649 1456 2701 ὅρος
1478 2663 1554 2688 sur-

35 2710 200 2754 'aeectum
238 2709 409 2757 quiddam
439 2715 476 2746 et
512 2710 676 2746 eminens
702 2706 931 2755 significare,
966 2709 1002 2744 id
1034 2715 1089 2745 est
1116 2709 1304 2746 terminum
1338 2711 1476 2758 τέρμα,
1507 2710 1555 2745 ab

17 2765 139 2818 ῑὸρω
165 2769 310 2812 excito,
335 2766 450 2814 erigo.
