1728 3120
226 155 324 202 310
630 146 1101 192 DISSERTATIO
1143 146 1295 192 XVIII.

225 265 378 319 legitur
406 263 520 303 πῦον
549 260 598 302 τὸ
628 260 958 318 μεταβεβληκὸς
992 253 1117 314 αἷμα,
1147 256 1170 303 ὁ
1204 256 1338 320 όῤῥος
1369 260 1501 310 Phoc
1515 263 1568 308 ad
1596 263 1677 307 Am

226 327 405 386 philoch.
436 340 473 382 p.
505 326 601 368 231.
629 328 672 369 in
701 326 807 382 Maji
838 327 1011 371 Collect.
1041 324 1144 370 Nov.
1175 325 1227 370 T.
1256 325 1287 370 1.
1317 327 1440 385 idque
1469 328 1537 375 ab
1542 330 1686 378 eoden'

225 395 356 440 verbo
382 392 490 436 unde
519 394 632 450 puris
670 407 821 438 nomen
851 394 1013 437 ductum
1042 406 1138 437 esse
1168 395 1312 439 nescio
1342 407 1398 439 an
1425 404 1621 454 sequatur
1650 390 1699 440 es

227 459 466 506 Aristotelis
494 459 635 503 verbis
673 460 724 504 τὸ
755 459 868 516 γάλα
879 459 1187 541 πεπεμμένοῖ
1219 455 1332 515 αἷμά
1345 458 1613 542 ‘sustulisti’
1647 480 1682 508 οι

1338 591 1681 610 ))))))

227 588 388 718 ὁεκάτζ]
413 657 527 703 πύον
548 657 708 704 ἔπλετο
738 659 917 704 λευκόν·
949 655 1178 717 σαπρότης
1206 660 1292 718 γὰρ
1322 659 1396 704 καὶ
1414 659 1557 718 πέψις
1583 653 1683 709 ἕνα

226 726 327 771 τίοι·
359 725 408 769 τὸ
447 725 495 769 δὲ
535 724 648 770 πύον
686 725 917 785 σαπρότης
954 725 1048 771 ἐστὶ
1075 725 1380 772 v.Stu1-z.ad
1406 726 1575 786 Emped-
1603 728 1708 780 404
1700 728 1709 738 “

227 794 423 837 Karsten.
451 792 505 835 ad
522 806 562 836 v.
577 792 674 836 266.
731 793 1007 851 Empedocles
1032 800 1168 837 autem
1196 793 1274 837 illa
1291 807 1375 838 non
1402 793 1586 841 distinxit
1602 795 1707 868 quit}

227 868 439 917 utrumque
471 859 626 903 lentam
666 860 785 905 affert
821 862 1022 904 materiae
1061 862 1398 906 consumtionem.
1417 862 1488 917 ⁸2)
1547 860 1663 919 Τρὺο
1692 890 1707 911 5

228 928 338 985 quod
365 927 518 982 legitur
546 928 590 969 in
618 926 857 972 hexametro
887 929 1018 984 ignoti
1046 934 1194 984 poetae
1212 926 1308 970 EM.
1327 926 1395 979 94,
1420 927 1492 974 42.
1521 935 1562 974 et
1587 928 1651 974 315

228 995 421 1050 adJuncta
439 1000 531 1036 sunt
549 993 690 1037 verbis
720 995 1088 1052 macroparalectis
1111 1001 1154 1038 ut
1177 992 1290 1039 κνύω
1309 990 1447 1046 untes.
1488 993 1582 1040 Pro
1601 996 1654 1040 du
1701 999 1715 1043 Τ]

225 1061 304 1105 hus
338 1061 559 1118 postremis
600 1059 860 1116 Theognosti
899 1061 1055 1104 fabulis
1100 1063 1275 1118 supponi
1311 1067 1484 1118 possunt
1521 1060 1624 1114 κιός
1712 1096 1717 1106 η,

226 1125 380 1185 φλύος,
409 1126 521 1183 quod
550 1125 788 1172 Eustathius
819 1127 941 1179 1746,
968 1128 1008 1171 S.
1041 1141 1131 1172 cum
1161 1125 1276 1178 θύος
1305 1134 1345 1171 et
1375 1125 1502 1180 κνύος
1531 1130 1705 1181 consen.

226 1193 294 1237 vel
319 1193 399 1237 hoc
428 1194 560 1250 ipsum
593 1190 732 1245 κνύος.

339 1260 375 1316 §.
406 1260 445 1304 7.
503 1259 572 1303 Ad
601 1259 706 1304 haec
731 1261 922 1318 exempla
950 1262 1018 1318 qui
1051 1261 1230 1304 animum
1259 1259 1471 1317 adjecerit,
1505 1257 1714 1309 continuit:-v

227 1326 434 1382 intelligat
462 1339 639 1370 necesse
671 1334 734 1370 est
770 1327 1036 1384 penultimam
1064 1326 1208 1371 horum
1233 1326 1530 1377 vocabulorum
1559 1341 1708 1378 omnes

226 1395 413 1450 recipere
443 1393 614 1437 vocales
651 1394 725 1437 sed
759 1408 782 1438 o
813 1397 972 1439 micron
997 1407 1120 1437 unum
1149 1392 1306 1441 habere
1341 1390 1522 1447 σκότος,
1555 1409 1582 1441 o
1609 1396 1703 1441 lon..

226 1474 322 1516 gum
351 1462 448 1504 item
476 1474 600 1503 unum
629 1462 792 1511 λῶπος.
850 1460 956 1504 Nam
984 1461 1094 1518 quod
1123 1458 1360 1504 Salmasius
1391 1460 1436 1505 in
1462 1461 1587 1507 Anth.
1613 1459 1700 1510 vni

226 1527 322 1587 719.
370 1526 587 1582 Τέλληνος
624 1526 703 1571 ὅδε
739 1526 927 1583 τύμβος,
965 1524 1047 1582 ἐβίω
1079 1523 1127 1570 δ’
1171 1523 1261 1571 ὑπὸ
1302 1525 1458 1584 βώλεω
1495 1529 1728 1586 πρέσβυνῃ

226 1595 321 1638 voci
352 1601 570 1651 corruptae
599 1594 808 1638 substituit
834 1593 991 1650 βώλεϊ,
1031 1607 1182 1638 nomen
1210 1594 1437 1638 inauditum
1473 1601 1537 1640 est
1565 1608 1615 1645 ac
1649 1611 1701 1651 ne

228 1663 460 1706 sententiae
490 1661 655 1718 quidem
687 1664 791 1705 satis
821 1661 1198 1712 accommodatum,
1228 1674 1335 1718 quae
1364 1659 1580 1708 Meiuekio
1608 1662 1702 1709 Dela

226 1743 265 1786 p.
292 1728 388 1772 130.
430 1728 675 1785 adjectivum
705 1731 840 1786 potius
879 1741 1054 1786 poscere
1091 1728 1264 1772 videtur.
1321 1727 1573 1794 Dipl—ithongi
1607 1737 1703 1789 pro-'

226 1799 343 1855 priae
371 1810 478 1854 quae
509 1798 698 1842 dicuntur
724 1811 865 1842 omnes
894 1799 1154 1855 reperiuntur
1180 1804 1346 1855 praeter
1373 1814 1452 1851 αυ,
1486 1811 1565 1843 nec
1594 1803 1703 1849 enim

229 1867 297 1921 qui
331 1859 464 1919 αὗγος
503 1865 778 1922 protulerunt,
821 1866 962 1910 idonei
1000 1871 1093 1909 sunt
1131 1871 1335 1910 auctores.
1356 1869 1426 1919 ³³)
1484 1863 1572 1910 Sed
1597 1881 1705 1913 non-

229 1934 369 1977 nullae
401 1941 536 1977 tamen
566 1936 702 1978 rarius
731 1935 811 1979 huc
841 1938 992 1979 intrant
1021 1942 1062 1979 ut
1092 1925 1157 1987 oe-t‚
1191 1934 1300 1991 quod
1327 1932 1621 1990 Theognostns
1649 1935 1701 1982 II.

232 2000 327 2042 120.
357 2014 438 2043 non
458 2001 551 2057 plus
571 2014 691 2057 quam
712 2001 871 2044 duobus
892 2015 1135 2045 concessum
1157 2014 1253 2043 esse
1274 2001 1523 2054 observavit,
1549 1997 1704 2057 αἶσχος

230 2073 270 2109 et
302 2066 477 2123 λαῖφος,
506 2068 720 2111 immemor
741 2069 858 2111 vocis
879 2067 1126 2110 Pindaricae
1158 2062 1295 2118 αἶτος,
1320 2079 1443 2122 quam
1462 2066 1705 2119 Eustathius

321 2217 381 2262 32)
416 2218 541 2254 Schol.
574 2218 728 2253 Theocr.
760 2217 822 2253 111.
857 2217 911 2251 32.
944 2218 1192 2262 ποιολογεῦσα
1225 2218 1534 2283 uzoexvoloyofi'ooe.
1581 2217 1711 2256 Ποιάιῐ

229 2277 316 2314 ἴσως
341 2273 403 2310 τὸν
426 2273 546 2322 πυρὸν
562 2273 645 2310 κατ’
673 2270 814 2320 ἓξοχήν,
843 2272 913 2320 ἀφ’
944 2286 986 2309 ου
1011 2275 1074 2308 καὶ
1092 2272 1156 2309 τὸν
1179 2271 1345 2310 ἐνιαυτὸν
1366 2271 1479 2311 ποιάν
1501 2272 1701 2315 exoticam?
1708 2273 1710 2276 ’

227 2334 332 2371 ποίος
359 2329 630 2378 γὰρ-κυρίως
655 2329 674 2366 ὃ
701 2328 836 2378 πυρός,
868 2330 914 2365 de
940 2340 1010 2376 quo
1035 2329 1184 2366 Geelius
1209 2334 1315 2365 tacet.
1362 2329 1452 2367 EM.
1472 2329 1552 2375 344,
1581 2331 1635 2369 16.
1662 2333 1703 2369 ἐν

227 2386 300 2437 πύῃ
326 2388 421 2428 τινὲς
444 2388 484 2424 ἐν
500 2385 646 2434 χόρτῳ’
676 2386 910 2436 Ἀρίσταρχος
940 2387 981 2423 ἐν
1003 2391 1134 2435 πυροῖς
1164 2387 1227 2422 καὶ
1250 2387 1382 2435 κριθῇ
1413 2384 1511 2424 πυόν
1542 2386 1615 2438 γὰρ
1638 2388 1702 2427 τὸν

227 2444 346 2493 πυρόν
369 2447 455 2493 δίχα
479 2449 542 2483 τοῦ
561 2439 609 2495 K,
642 2452 785 2493 spectat
811 2445 881 2483 od.
904 2445 1040 2482 XVIII.
1065 2445 1144 2481 368.
1179 2445 1221 2481 ἐν
1250 2446 1444 2494 ποίῃ-τῷ
1470 2447 1705 2494 δημητριακῷ.

228 2500 356 2551 χόρτῳ,
383 2504 424 2539 ἐν
445 2502 629 2552 σιτοφόρῳ
646 2506 774 2552 χωρίῳ
803 2503 925 2539 Schol.
951 2514 996 2537 ex
1019 2512 1090 2547 quo
1115 2501 1195 2536 veri
1219 2501 1334 2537 simile
1356 2499 1399 2538 fit
1419 2503 1611 2540 nonnullos
1637 2503 1703 2540 illo

229 2560 312 2595 loco
337 2561 378 2596 ἐν
401 2562 497 2606 ποιῷ
515 2560 708 2607 scripsisse
732 2571 779 2595 ne
802 2559 1062 2606 intelligeretur
1085 2555 1171 2603 ποιή
1197 2558 1321 2595 herba.

318 2616 379 2660 33)
419 2615 469 2653 Τὸ
504 2610 617 2663 αὖγος
637 2617 726 2653 ΕΜ.
751 2616 840 2660 571,
863 2615 919 2651 21.
967 2615 1102 2652 Joanni
1131 2615 1296 2650 Malalae
1327 2615 1504 2651 famulare
1535 2612 1699 2664 εειϊῑπρὸ

229 2671 367 2719 αὔγους
392 2677 484 2708 ante
508 2674 635 2716 diem,
674 2678 712 2708 ut
747 2684 842 2708 nunc
866 2672 998 2707 Graeci
1025 2682 1192 2706 auroram
1225 2669 1344 2717 αὐγήν
1374 2672 1512 2717 dicunt3
1547 2673 1702 2721 antiquis

226 2730 315 2765 illud
340 2731 500 2776 ignotum
524 2741 568 2766 aa:
591 2741 636 2765 ne
661 2729 722 2767 Du
750 2729 886 2775 cangio
911 2728 1053 2774 quidem
1075 2733 1308 2766 memoratum
1333 2735 1400 2766 est.
