1728 3120
216 168 316 216 200
646 161 1117 207 DISSERTATIO
1160 163 1256 208 XII.

219 275 491 321 Archimedes
520 287 621 318 usus
659 281 724 318 est
751 275 930 318 Arenar.
961 290 999 333 p.
1023 275 1091 320 38.
1122 275 1224 319 nihil
1261 277 1304 318 in
1331 274 1536 320 vestibulo
1565 275 1691 320 habet

217 350 382 402 praeter
413 340 569 398 ζητέω,
600 340 790 398 idemque
819 342 932 385 valet
961 343 1010 386 de
1035 339 1222 400 Ἐρεύειν
1249 340 1428 401 ἑρευνᾷν
1453 340 1552 386 Hes.
1583 341 1692 399 quod

218 408 422 453 Homerus
444 406 583 463 ἐρέειν
612 407 751 451 dicere
771 407 890 451 solet.
948 408 1101 453 Horum
1129 407 1284 452 nullum
1312 417 1470 466 tempus
1491 409 1695 452 invenitur

219 483 385 534 praeter
411 477 584 532 primum
616 490 748 534 eoque
779 479 1025 521 conveniunt
1053 491 1143 521 cum
1171 477 1311 520 verbis
1342 478 1384 520 in
1413 466 1504 521 ’ἆὶἷῦ
1531 483 1572 520 et
1601 467 1695 530 ἓῖὦ,

221 555 328 599 quae
360 542 471 586 ultra
505 543 785 601 imperfectum
815 557 1021 601 nunquam
1054 544 1282 601 procedunt
1319 544 1503 601 κεραίω,
1541 543 1693 588 τελείω

221 616 299 653 etc.
342 608 460 653 Haec
487 611 614 666 igitur
645 624 672 653 a
699 611 1000 667 perispomenis
1033 617 1125 654 orta
1156 610 1329 653 dicimus
1361 623 1454 653 cum
1483 610 1696 668 epenthesi

221 676 408 732 eJusdem
434 677 610 720 vocalis.
646 676 756 720 ‘Sed
784 677 910 732 longe
941 678 1073 732 maj0r
1097 683 1160 720 est
1188 678 1310 733 copia
1340 677 1559 721 verborum
1588 690 1701 734 quae

221 743 399 787 liberum
435 742 590 788 habent
624 757 699 801 per
730 744 869 787 omnia
905 750 1092 799 tempora
1130 750 1301 795 motum,
1338 757 1560 800 eorumque
1597 756 1696 800 pars

223 810 351 854 multo
390 811 573 854 maxima
615 824 705 854 cum
735 809 970 853 nominibus
1000 810 1194 853 cohaeret
1223 811 1297 862 iis,
1336 823 1464 867 quae,
1502 817 1546 854 ut
1574 817 1701 854 antea

224 879 408 931 ostendi,
448 881 540 937 pari
572 879 775 923 facilitate
813 879 856 922 in
894 879 1024 922 verba
1058 880 1269 935 utriusque
1309 879 1609 923 terminationis
1629 868 1699 923 E}

225 939 387 992 ειη-ω
416 948 621 992 declinari
661 954 845 1006 possunt.
903 947 997 991 Jam
1033 948 1334 1003 distinguamus
1373 954 1532 1005 oportet
1568 946 1701 991 verba

223 1020 437 1071 poetarum
465 1017 635 1073 propria
673 1022 713 1058 et
746 1015 996 1071 promiscua.
1054 1014 1136 1058 Illa
1162 1021 1310 1071 poetae
1349 1016 1391 1057 in
1420 1015 1630 1071 praesenti
1659 1020 1701 1058 et

225 1080 466 1137 imperfecto
504 1083 567 1126 sic
605 1082 863 1126 conformant
892 1088 936 1124 ut
972 1083 1118 1138 cuique
1153 1094 1300 1124 versus
1331 1081 1426 1125 loco
1457 1087 1592 1138 aptum
1623 1086 1699 1132 est,

224 1146 429 1192 Homerus
465 1145 645 1192 δινεύων
681 1154 721 1190 et
759 1144 945 1197 ἐδίνεον,
983 1147 1092 1191 idem
1129 1145 1390 1202 οἰνοχοεύων
1427 1154 1468 1190 et
1506 1143 1700 1205 ᾠνοχόει,

227 1211 442 1270 Oppianus
474 1211 576 1269 Cyn.
606 1213 673 1256 lV.
703 1213 799 1256 231.
842 1210 1135 1268 οἰνοχοεῦντες
1162 1221 1205 1256 ut
1234 1214 1548 1271 φυλλοχοεῧντι
1576 1212 1701 1256 Anth.

226 1279 314 1323 vu.
344 1280 440 1324 141.
474 1280 722 1337 Apollonius
750 1276 1000 1331 ὂτλεύουσι,
1028 1279 1228 1324 Manetho
1257 1276 1504 1332 ὀτλεῦντες,
1535 1280 1702 1323 eodem-

227 1361 307 1405 que
344 1347 467 1391 modo
507 1343 832 1404 ἀμφιπολεύειν
868 1353 906 1389 et
951 1348 1280 1403 πυρπολέοντες
1318 1345 1437 1390 Hom.
1477 1344 1704 1403 αἶθροποκ

229 1415 370 1458 λοῦσα
395 1413 568 1457 Maxim.
595 1413 691 1456 357.
733 1412 810 1455 sed
850 1410 1145 1470 ἀκροπολεύει
1185 1412 1368 1456 Maneth.
1405 1411 1703 1464 μυστιπόλευε

228 1479 363 1524 Noun.
378 1478 579 1523 XXXIII.
594 1480 693 1523 229.
721 1475 908 1534 ὀπηδεῖν
935 1478 1052 1522 Hom.
1081 1475 1318 1534 ὅπηδεύειν
1345 1478 1541 1536 Apollon.
1571 1475 1704 1534 ὄρσο-

230 1544 415 1591 λοπεύει
448 1548 492 1590 in
531 1545 579 1589 H.
610 1545 658 1588 H.
698 1552 737 1588 et
773 1545 896 1596 alibi,
938 1541 1257 1602 ὀρσολοπεῖται
1293 1545 1493 1601 Aeschyl.
1551 1544 1704 1590 Horum

230 1613 452 1657 verborum
484 1620 577 1656 utra
611 1613 725 1670 prius
756 1618 856 1654 nata
882 1611 1052 1663 fuerint,
1092 1610 1356 1655 circumflexa
1392 1625 1447 1654 an
1485 1611 1703 1667 barytona‚

231 1693 306 1737 per
331 1693 378 1723 se
416 1693 501 1724 non
539 1680 806 1735 cognoscitur
841 1678 915 1721 sed
956 1678 1010 1720 ad
1042 1678 1277 1735 epenthesis
1308 1679 1600 1722 assumtionem
1631 1678 1706 1722 ad-

234 1747 420 1790 ducimur
434 1746 516 1790 hac
543 1759 588 1789 re
616 1745 726 1803 quod
753 1758 806 1788 ea
820 1751 1017 1802 tempora,
1052 1758 1222 1800 quorum
1249 1751 1420 1801 utraque
1440 1744 1575 1788 forma
1605 1758 1728 1803 ean-¹

234 1815 328 1857 dem
357 1826 592 1856 mensuram
627 1812 776 1862 habet,
815 1825 842 1854 a
871 1812 1083 1868 praesenti
1119 1824 1221 1868 puro
1260 1818 1490 1854 sumuntur:
1531 1809 1728 1868 ὅτλήσιιᾘ

233 1879 429 1936 Apollon.
462 1880 636 1936 δινῆσαι
664 1886 703 1922 et
730 1879 967 1935 δινηθῆναι
995 1876 1112 1921 Hom.
1143 1885 1183 1920 et
1211 1880 1479 1933 posteriores,
1508 1874 1708 1934 οἰνοχοῆ-

235 1961 312 1989 σαι
328 1944 446 1988 Hom.
466 1942 793 2001 ποντοπορήσω
813 1943 945 1987 Nonn.
962 1943 1029 1986 IV.
1047 1942 1143 1986 114.
1177 1944 1229 1986 ab
1255 1943 1474 1988 Homerico
1498 1945 1708 2001 praesenti

234 2007 568 2066 ποντοπορεύω.
627 2009 768 2065 Itaque
807 2010 980 2052 eundem
1009 2009 1227 2053 Homerum
1267 2010 1468 2062 arbitror,
1506 2012 1543 2053 si
1580 2013 1638 2053 ita
1667 2011 1706 2052 ei

234 2089 315 2119 usu
341 2077 546 2126 venisset,
583 2089 666 2118 non
691 2072 942 2132 ἦνιοχεῧσαι
971 2075 1169 2118 dicturum
1198 2075 1328 2118 fuisse
1359 2076 1432 2118 sed
1464 2073 1707 2133 ἡνιοχήσαι,

235 2150 277 2186 et
305 2143 356 2185 de
384 2140 535 2197 Odyss.
552 2140 620 2183 VI.
637 2142 732 2184 157.
764 2141 832 2183 ubi
862 2147 985 2197 poeta
1012 2139 1265 2184 Nausicaam
1295 2142 1508 2199 praedicat
1536 2139 1709 2186 τοιόνδε

235 2206 380 2260 θάλος
400 2207 536 2265 χορὸν
564 2204 876 2261 εἶςοιχνεῦσαν,
916 2221 998 2250 non
1031 2209 1184 2263 Justam
1225 2222 1322 2251 esse
1355 2207 1560 2252 Eustathii
1589 2208 1708 2251 dubi-

235 2276 430 2318 tationem
462 2280 593 2316 utrum
611 2273 690 2317 hoc
719 2274 772 2316 sit
791 2275 1049 2330 participium
1079 2275 1223 2318 aoristi
1245 2288 1298 2317 an
1327 2276 1582 2331 praesentis3
1611 2287 1708 2318 nam

236 2341 356 2397 huJus
388 2340 552 2397 quidem
570 2341 766 2397 temporis
794 2340 947 2396 duplici
976 2354 1050 2397 pro
1079 2354 1339 2384 numerorum
1359 2343 1519 2387 ratione
1549 2347 1711 2383 utuntur

236 2409 373 2452 forma
416 2405 672 2460 εἶςοιχνεῢσι
715 2404 790 2449 Od.
822 2405 896 2449 IX.
929 2407 1022 2449 120.
1070 2406 1288 2459 ἕποιχνεῖς
1326 2407 1449 2450 Anth.
1490 2405 1584 2451 XII.
1613 2407 1709 2450 131.

238 2475 421 2528 διοιχνεῖ
448 2472 647 2528 Aeschyl.
679 2478 718 2515 et
749 2469 952 2526 οἰχνεύων
981 2472 1096 2514 Pind.
1121 2470 1186 2514 Fr.
1206 2471 1492 2520 GCXXXVII.
1524 2474 1600 2516 sed
1630 2487 1711 2516 una

238 2542 362 2584 futuri
392 2540 528 2584 forma
556 2536 743 2595 οἶχνήσω
774 2539 824 2581 ad
845 2552 1006 2581 omnem
1035 2537 1111 2580 illa
1136 2552 1254 2581 usum
1284 2546 1392 2596 apta.
1451 2539 1568 2592 Quae
1588 2540 1712 2583 aliter

240 2607 500 2650 conformata
528 2612 622 2649 sunt
657 2618 741 2647 non
771 2611 924 2647 tantam
959 2605 1242 2647 auctoritatem
1274 2605 1424 2649 habent
1453 2613 1494 2649 ut
1520 2606 1708 2662 regulam

237 2673 492 2718 labefactent
531 2669 782 2730 ἡνιοχεῦσαι
817 2670 941 2714 Anth.
981 2669 1054 2712 IX.
1083 2671 1180 2713 696.
1217 2670 1366 2715 Joann.
1398 2671 1498 2716 Gaz.
1530 2672 1579 2715 II.
1611 2673 1706 2715 213.

238 2737 579 2797 novvonoostfiogy
603 2740 644 2781 in
675 2736 798 2781 Orac.
823 2737 925 2780 Plut.
945 2736 991 2780 V.
1022 2736 1149 2780 Thes.
1166 2736 1320 2781 XXIV.
1350 2741 1709 2797 ποντοπορεῦσαι
