1728 3120
256 216 348 262 114
712 203 1183 248 DISSERTATIO
1227 204 1275 246 V.

254 337 340 366 rum
374 334 426 364 ea
455 332 561 376 quae
592 316 826 360 nominihus
863 316 1083 372 verbisque
1114 316 1337 370 conjugata
1376 321 1495 366 sunt,
1532 311 1690 371 ἀγάλλ

255 386 476 442 ἇσχάλλω,
508 382 723 436 ἀέλλομαι
751 381 869 426 πνέω
899 381 997 425 Hes.
1026 380 1267 432 ποικίλλω,
1297 377 1483 431 αἰόλλω,
1515 379 1694 426 σαπύλ.

256 457 281 497 i.
314 468 351 509 q.
383 451 533 500 σαίνω,
563 450 648 493 alio
676 449 773 492 loco
802 451 998 501 tractavi3
1026 451 1124 492 item
1145 460 1252 504 quae
1279 447 1606 504 reduplicatione
1637 460 1697 491 ci

254 526 401 564 verunt
428 514 686 567 παιπάλλω,
715 513 958 569 μοιμύλλω,
990 515 1056 558 cui
1078 527 1248 557 numero
1273 513 1542 558 Grammatici
1570 514 1670 558 adsc

255 588 355 629 hunt
390 581 605 627 κοικύλλω
637 580 688 625 τὸ
717 580 975 638 περιβλέπει)
1006 579 1131 637 παρὰ
1164 578 1220 623 τὰ
1249 578 1373 634 κύλοι,
1405 582 1483 624 etsi
1507 593 1587 624 nec
1611 593 1699 623 vel

258 652 506 708 significatio
537 654 710 698 constat,
742 661 820 690 nec
846 645 957 690 κύλα
986 647 1174 690 dicuntur
1206 646 1328 690 oculi.
1386 644 1620 696 Αἷκάλλω,
1653 644 1700 690 ἆ

257 720 409 774 γέλλω,
438 715 659 765 ὄενόίλλω,
689 716 803 769 cujus
834 727 1105 769 synonymum
1136 719 1200 756 est
1227 711 1456 762 δανὸαίνω,
1487 720 1624 769 etyma
1647 711 1699 756 εἴ

260 786 454 828 abstrusa
481 781 647 824 habent.
705 778 964 836 Σκερβόλλω
1006 782 1172 837 stirpem
1212 779 1546 836 monosyllabam
1574 778 1682 822 habe

257 852 439 900 videtur,
485 860 591 904 quac
631 859 682 889 ex
716 847 942 902 σκέραφος
980 843 1006 903 ἡ
1044 843 1247 902 λοιδορία
1288 852 1328 888 et
1367 849 1593 903 κερτομεῖν
1631 859 1701 902 qu

261 916 478 961 dammodo
518 913 742 968 conjectari
771 918 918 967 potest.
968 908 1171 968 Ὀφέλλω
1212 924 1346 966 augeo
1385 917 1426 954 et
1463 925 1691 967 synonymi!

260 980 446 1040 ὄμφύνω
476 993 559 1022 non
584 978 750 1021 multum
777 977 926 1020 absunt
955 991 979 1020 a
1001 978 1269 1021 similitudine
1290 978 1411 1021 latini
1440 979 1618 1021 nominis
1642 991 1699 1032 01

263 1052 441 1104 opimus,
472 1058 606 1101 neque
638 1045 759 1087 aliter
787 1044 1019 1086 habendum
1051 1045 1101 1087 de
1132 1041 1340 1101 ὀφέλλειν
1366 1057 1534 1088 verrere
1564 1057 1603 1087 v.
1629 1043 1676 1086 G.
1701 1069 1703 1071 -

262 1117 299 1171 ξ.
325 1116 364 1157 3.
395 1121 435 1157 et
466 1110 662 1168 ὀφείλειν
692 1110 843 1153 debere
875 1117 914 1152 et
942 1117 1143 1167 oportere.
1165 1112 1207 1163 ⁹)
1695 1117 1702 1126 “

374 1192 804 1233 Adnotamentum.
862 1186 1014 1230 Horum
1043 1187 1260 1230 verborum
1291 1186 1420 1230 multa
1449 1187 1621 1231 lambda
1664 1193 1704 1237 1ss

264 1274 290 1303 a
314 1260 440 1314 stirpe
456 1256 623 1310 generis
649 1260 688 1296 et
704 1254 874 1296 seminis
900 1254 974 1297 sed
992 1253 1227 1296 afficticium
1251 1252 1406 1296 habent
1427 1251 1536 1311 ψάω
1558 1249 1699 1311 ‘rpem

261 1325 376 1382 βδέω
408 1320 602 1378 βὸύλλω,
638 1319 841 1376 βρύλλειν
867 1319 916 1363 τὸ
950 1317 1184 1363 ὑποπίνειν
1213 1318 1262 1362 ἐκ
1289 1316 1518 1377 μιμήσεως
1545 1322 1624 1379 τῆς
1649 1335 1708 1364 ‘st‘

263 1389 438 1435 παίδων
466 1388 617 1444 φωνῆς
649 1388 790 1443 (βρῦν)
823 1385 920 1429 Sch.
946 1387 1074 1428 Arist.
1105 1384 1207 1442 qu.
1232 1385 1354 1428 1134.
1393 1385 1469 1429 Sed
1497 1383 1577 1430 hoc
1599 1387 1693 1430 ineu

261 1459 356 1507 tius,
386 1468 483 1508 nam
511 1454 552 1495 in
583 1451 742 1495 Comici
769 1451 864 1495 loco
893 1451 1093 1509 βρύλλων
1130 1452 1180 1495 τὸ
1213 1449 1324 1495 καθ’
1362 1448 1531 1510 ἡμέραν
1557 1453 1650 1510 posi
1703 1459 1705 1461 ’

262 1524 423 1567 videtur
447 1533 521 1576 pro
549 1516 775 1575 βρυάζων,
804 1519 912 1575 quod
943 1517 1245 1575 Glossographi
1276 1514 1598 1576 εὐφραίνεσθαι
1627 1515 1676 1561 εὖ
1699 1550 1710 1567 ,,

261 1591 445 1643 χεῖσθαι
486 1587 816 1663 interpretantur.
877 1583 926 1626 Si
971 1597 1114 1627 verum
1158 1591 1224 1627 est
1264 1583 1373 1640 quod
1410 1581 1570 1627 Suidas
1611 1590 1705 1627 tra(

263 1656 401 1712 Μυᾷν
435 1649 529 1695 ε’στι
560 1649 608 1692 τὸ
641 1647 695 1692 τὰ
722 1649 844 1704 χείλη
879 1649 994 1706 πρὸς
1024 1646 1195 1707 ὂῖλληλα
1224 1647 1436 1706 συνάγειν,
1465 1644 1492 1693 3
1526 1647 1602 1694 καὶ
1628 1649 1688 1703 μύ

264 1722 355 1763 λειν
383 1718 567 1773 λέγεται,
592 1718 658 1770 ¹⁰)
697 1715 969 1767 Theocritus,
1006 1717 1075 1773 qui
1104 1716 1183 1759 hoc
1213 1716 1264 1758 de
1294 1715 1513 1759 concubitu
1539 1716 1642 1760 dixit
1704 1725 1710 1760 ἶ.

263 1786 332 1828 59.
362 1784 481 1827 illam
510 1783 804 1838 comprimendi
834 1785 1062 1834 notionem,
1097 1795 1204 1838 quae
1232 1781 1373 1826 verbis
1400 1778 1544 1837 μύειν,
1572 1773 1713 1837 μύζε’“

263 1853 378 1909 μυᾷν
408 1849 595 1904 subjecta
615 1855 691 1899 est,
723 1861 750 1891 a
778 1848 910 1891 labris
929 1849 1143 1905 oculisque
1173 1861 1224 1892 eo
1255 1848 1420 1891 deduxit
1448 1861 1530 1905 quo
1563 1838 1705 1896 latinii

265 1919 534 1970 comprimere
573 1916 775 1957 convenit.
835 1914 921 1957 Sed
947 1913 1045 1958 Sch
1076 1915 1178 1958 illud
1223 1915 1348 1958 multo
1386 1915 1508 1958 aliter
1535 1917 1668 1972 interp

262 1990 371 2026 tatur
400 1979 592 2031 ἐλαύνει,
621 1975 754 2030 ὠθεῖ,
784 1977 874 2022 ἀπὸ
904 1982 989 2022 τῶν
1019 1977 1261 2030 ἀλούντων,
1301 1994 1471 2038 quorum
1498 1994 1644 2024 munus
1674 1994 1713 2024 e

261 2061 430 2092 versare
467 2048 644 2094 molam,
683 2046 996 2102 περιστρέφειν
1028 2045 1105 2102 τὴν
1143 2045 1285 2102 μύλην
1319 2047 1394 2089 καὶ
1432 2045 1715 2107 περιελαύνες

263 2114 369 2157 Poll.
396 2112 482 2155 Vll.
514 2112 610 2154 180.
640 2117 679 2153 et
709 2111 889 2153 fortasse
918 2125 1067 2154 nomen
1093 2110 1208 2167 μύλη
1239 2125 1265 2154 a
1292 2111 1442 2166 μύλλω
1473 2113 1634 2156 ductum
1661 2126 1719 2173 P}

262 2181 363 2223 tavit
384 2181 504 2234 eique
530 2177 659 2220 verbo
680 2176 1025 2231 significationem
1053 2178 1270 2233 torquendi
1287 2177 1440 2228 tribuit,
1470 2182 1548 2221 etsi
1571 2193 1671 2236 prop
1707 2199 1710 2202 ·

265 2259 344 2288 ora
375 2252 566 2299 torquere
594 2242 801 2298 significat
833 2250 876 2285 ut
911 2243 1156 2298 adjectivum
1193 2241 1358 2297 μυλλός
1393 2236 1715 2301 διεστραμμέν

263 2310 340 2368 τὴν
368 2307 489 2367 ὄψιν.
549 2308 634 2352 Sed
661 2308 767 2352 haec
786 2316 954 2352 transeo
971 2316 1010 2352 et
1030 2309 1218 2365 relinquo
1242 2315 1286 2351 ut
1301 2322 1445 2366 parum
1467 2310 1685 2367 comprehe
1714 2312 1719 2362 ζ

265 2377 420 2419 sibilia.
479 2373 686 2418 Σκύλλειν
723 2375 772 2418 τὸ
813 2374 908 2426 τοῖς
944 2371 1066 2426 ὄνυξι
1102 2377 1223 2432 σπᾷν
1250 2374 1350 2418 Hcs.
1389 2377 1476 2419 veri
1506 2376 1642 2420 simile
1682 2367 1721 2400 ,²¹-

355 2542 392 2586 9)
429 2541 531 2576 Eust.
561 2540 659 2584 1472,
685 2540 740 2575 30.
770 2543 897 2587 χρεῖος
920 2539 1111 2587 ὀφέλλεται
1140 2538 1224 2575 ἀντὶ
1254 2542 1318 2576 τοῦ
1351 2539 1535 2588 ὀφείλεται
1566 2543 1629 2577 καὶ
1652 2541 1715 2578 ἄν

266 2600 328 2634 τοῦ
364 2595 509 2638 αὔξεται
541 2595 631 2645 ὅπερ
664 2597 739 2632 ἐστὶ
775 2598 839 2632 τοῦ
863 2594 970 2631 τόκου
997 2593 1160 2642 ἀφορμή.
1209 2596 1299 2630 Cum
1325 2594 1561 2644 ὀφλισκάνειν
1593 2599 1721 2643 γέλω,

265 2661 299 2688 et
323 2654 496 2689 similibus
522 2653 692 2688 convenit
717 2652 813 2687 aliud
831 2652 985 2698 augendi
1012 2651 1163 2687 verbum
1188 2650 1370 2698 ἆλᾳάνειν
1397 2650 1546 2700 φθόνον
1558 2653 1686 2700 Eun-ip.

357 2721 413 2764 10)
445 2720 568 2756 Schol.
594 2719 704 2754 Arist.
728 2718 816 2764 Lys.
836 2718 912 2754 126.
937 2719 1053 2764 μυᾶτε
1077 2717 1415 2766 σκαρδαμύττεη*
1393 2735 1416 2764 η
1439 2718 1634 2764 utinen*
1615 2736 1635 2764 η
1658 2713 1718 2766 μί

263 2779 450 2821 κτηρίζετε.
499 2777 616 2818 ΠΙυᾷν
641 2773 713 2819 γὰρ
738 2773 776 2809 τὸ
804 2773 845 2808 τὰ
864 2776 970 2819 χείλη
995 2771 1179 2818 συνάγειν.
1717 2786 1719 2788 ·
