<?xml version="1.0" encoding="UTF-8"?>
<!DOCTYPE html PUBLIC "-//W3C//DTD XHTML 1.0 Transitional//EN"
    "http://www.w3.org/TR/xhtml1/DTD/xhtml1-transitional.dtd">
<html xmlns="http://www.w3.org/1999/xhtml" xml:lang="en" lang="en">
 <head>
  <title>
</title>
<meta http-equiv="Content-Type" content="text/html;charset=utf-8" />
  <meta name='ocr-system' content='tesseract 3.04.00' />
  <meta name='ocr-capabilities' content='ocr_page ocr_carea ocr_par ocr_line ocrx_word'/>
</head>
<body>
  <div class='ocr_page' id='page_1' title='image "./rhematikonsiveve00lobeuoft_0054.png"; bbox 0 0 1708 3126; ppageno 0'>
   <div class='ocr_carea' id='block_1_1' title="bbox 231 170 1242 227">
    <p class='ocr_par' dir='ltr' id='par_1_1' title="bbox 231 170 1242 227">
     <span class='ocr_line' id='line_1_1' title="bbox 231 170 1242 227; baseline -0.012 0"><span class='ocrx_word' id='word_1_1' title='bbox 231 182 296 227; x_wconf 80' lang='lat'>36</span> <span class='ocrx_word' id='word_1_2' title='bbox 699 170 1147 218; x_wconf 78' lang='lat' dir='ltr'>DISSERTATIO</span> <span class='ocrx_word' id='word_1_3' title='bbox 1192 173 1242 217; x_wconf 88' lang='grc' dir='ltr'>ΙΙ,</span> 
     </span>
    </p>
   </div>
   <div class='ocr_carea' id='block_1_2' title="bbox 1672 252 1708 1257">
    <p class='ocr_par' dir='ltr' id='par_1_2' title="bbox 1672 252 1708 1257">
     <span class='ocr_line' id='line_1_2' title="bbox 1672 252 1708 438; baseline 0 0"><span class='ocrx_word' id='word_1_4' title='bbox 1672 252 1708 438; x_wconf 95' lang='lat' dir='ltr'>  </span> 
     </span>
     <span class='ocr_line' id='line_1_3' title="bbox 1674 438 1708 657; baseline 0 -83"><span class='ocrx_word' id='word_1_5' title='bbox 1674 438 1708 657; x_wconf 95' lang='lat' dir='ltr'>     </span> 
     </span>
     <span class='ocr_line' id='line_1_4' title="bbox 1676 657 1708 904; baseline 0 -182"><span class='ocrx_word' id='word_1_6' title='bbox 1676 657 1708 904; x_wconf 95' lang='lat' dir='ltr'>    </span> 
     </span>
     <span class='ocr_line' id='line_1_5' title="bbox 1680 904 1708 1257; baseline 0 0"><span class='ocrx_word' id='word_1_7' title='bbox 1680 904 1708 1257; x_wconf 95' lang='lat' dir='ltr'>      </span> 
     </span>
    </p>
   </div>
   <div class='ocr_carea' id='block_1_3' title="bbox 231 283 1690 1062">
    <p class='ocr_par' dir='ltr' id='par_1_3' title="bbox 231 283 1690 1062">
     <span class='ocr_line' id='line_1_6' title="bbox 233 283 1667 345; baseline -0.002 -12"><span class='ocrx_word' id='word_1_8' title='bbox 233 287 393 345; x_wconf 82' lang='grc' dir='ltr'><em>σκνίψ,</em></span> <span class='ocrx_word' id='word_1_9' title='bbox 422 287 496 330; x_wconf 91' lang='lat' dir='ltr'>sed</span> <span class='ocrx_word' id='word_1_10' title='bbox 522 285 749 341; x_wconf 82' lang='grc' dir='ltr'><em>σκίμπτω,</em></span> <span class='ocrx_word' id='word_1_11' title='bbox 779 285 889 342; x_wconf 88' lang='lat' dir='ltr'>quod</span> <span class='ocrx_word' id='word_1_12' title='bbox 910 284 1113 329; x_wconf 83' lang='lat' dir='ltr'>Matthiae</span> <span class='ocrx_word' id='word_1_13' title='bbox 1145 285 1196 329; x_wconf 87' lang='lat' dir='ltr'>ad</span> <span class='ocrx_word' id='word_1_14' title='bbox 1222 284 1321 329; x_wconf 88' lang='lat' dir='ltr'>Hec.</span> <span class='ocrx_word' id='word_1_15' title='bbox 1344 283 1413 328; x_wconf 69' lang='lat'><strong>64.</strong></span> <span class='ocrx_word' id='word_1_16' title='bbox 1443 297 1535 328; x_wconf 87' lang='lat' dir='ltr'>cum</span> <span class='ocrx_word' id='word_1_17' title='bbox 1558 285 1667 340; x_wconf 65' lang='lat' dir='ltr'>euim</span> 
     </span>
     <span class='ocr_line' id='line_1_7' title="bbox 234 346 1668 409; baseline -0.001 -10"><span class='ocrx_word' id='word_1_18' title='bbox 234 355 413 404; x_wconf 82' lang='lat' dir='ltr'>confert,</span> <span class='ocrx_word' id='word_1_19' title='bbox 459 359 586 396; x_wconf 88' lang='lat' dir='ltr'>totum</span> <span class='ocrx_word' id='word_1_20' title='bbox 617 353 824 396; x_wconf 90' lang='lat' dir='ltr'>diversum</span> <span class='ocrx_word' id='word_1_21' title='bbox 868 357 942 395; x_wconf 89' lang='lat' dir='ltr'>est.</span> <span class='ocrx_word' id='word_1_22' title='bbox 999 351 1288 409; x_wconf 83' lang='lat' dir='ltr'>Diphthongus</span> <span class='ocrx_word' id='word_1_23' title='bbox 1326 351 1486 395; x_wconf 76' lang='lat' dir='ltr'>duobus</span> <span class='ocrx_word' id='word_1_24' title='bbox 1521 365 1568 395; x_wconf 86' lang='lat' dir='ltr'>se</span> <span class='ocrx_word' id='word_1_25' title='bbox 1603 346 1668 402; x_wconf 66' lang='lat' dir='ltr'>ins</span> 
     </span>
     <span class='ocr_line' id='line_1_8' title="bbox 232 407 1675 481; baseline 0 -18"><span class='ocrx_word' id='word_1_26' title='bbox 232 422 374 464; x_wconf 86' lang='lat' dir='ltr'>nuavit</span> <span class='ocrx_word' id='word_1_27' title='bbox 410 419 551 462; x_wconf 81' lang='grc' dir='ltr'>λειπω</span> <span class='ocrx_word' id='word_1_28' title='bbox 590 426 629 462; x_wconf 85' lang='lat' dir='ltr'>et</span> <span class='ocrx_word' id='word_1_29' title='bbox 667 418 851 475; x_wconf 80' lang='grc' dir='ltr'><strong><em>ἕρείπω,</em></strong></span> <span class='ocrx_word' id='word_1_30' title='bbox 896 419 1003 475; x_wconf 90' lang='lat' dir='ltr'>quod</span> <span class='ocrx_word' id='word_1_31' title='bbox 1038 426 1078 462; x_wconf 89' lang='lat' dir='ltr'>et</span> <span class='ocrx_word' id='word_1_32' title='bbox 1116 419 1258 476; x_wconf 77' lang='grc' dir='ltr'><em>ἐρίπω</em></span> <span class='ocrx_word' id='word_1_33' title='bbox 1289 417 1482 464; x_wconf 75' lang='lat' dir='ltr'>scribitur</span> <span class='ocrx_word' id='word_1_34' title='bbox 1511 407 1675 481; x_wconf 68' lang='lat' dir='ltr'>Apollo</span> 
     </span>
     <span class='ocr_line' id='line_1_9' title="bbox 234 482 1671 544; baseline -0.001 -15"><span class='ocrx_word' id='word_1_35' title='bbox 234 485 351 541; x_wconf 85' lang='lat' dir='ltr'>Synt.</span> <span class='ocrx_word' id='word_1_36' title='bbox 390 484 459 527; x_wconf 90' lang='grc' dir='ltr'><strong>ΙΙΙ.</strong></span> <span class='ocrx_word' id='word_1_37' title='bbox 493 485 566 536; x_wconf 85' lang='grc'>31,</span> <span class='ocrx_word' id='word_1_38' title='bbox 603 485 699 528; x_wconf 89' lang='grc'><strong>277.</strong></span> <span class='ocrx_word' id='word_1_39' title='bbox 738 483 896 541; x_wconf 79' lang='grc' dir='ltr'>ἕρίψαι</span> <span class='ocrx_word' id='word_1_40' title='bbox 936 484 1229 544; x_wconf 76' lang='grc' dir='ltr'>καταρῥίψαι,</span> <span class='ocrx_word' id='word_1_41' title='bbox 1271 483 1463 542; x_wconf 77' lang='grc' dir='ltr'>ἐρίψιμα</span> <span class='ocrx_word' id='word_1_42' title='bbox 1497 482 1671 540; x_wconf 78' lang='grc' dir='ltr'>πτώσιμ</span> 
     </span>
     <span class='ocr_line' id='line_1_10' title="bbox 232 543 1673 611; baseline -0.001 -15"><span class='ocrx_word' id='word_1_43' title='bbox 232 552 331 597; x_wconf 87' lang='lat' dir='ltr'>Hes.</span> <span class='ocrx_word' id='word_1_44' title='bbox 377 551 552 595; x_wconf 76' lang='lat' dir='ltr'>Ceterae</span> <span class='ocrx_word' id='word_1_45' title='bbox 570 552 742 595; x_wconf 85' lang='lat' dir='ltr'>vocales</span> <span class='ocrx_word' id='word_1_46' title='bbox 764 565 845 594; x_wconf 88' lang='lat' dir='ltr'>non</span> <span class='ocrx_word' id='word_1_47' title='bbox 868 558 1092 607; x_wconf 80' lang='lat' dir='ltr'>emergunt.</span> <span class='ocrx_word' id='word_1_48' title='bbox 1130 551 1455 597; x_wconf 83' lang='lat' dir='ltr'>Terminationis</span> <span class='ocrx_word' id='word_1_49' title='bbox 1474 565 1556 596; x_wconf 89' lang='lat' dir='ltr'>non</span> <span class='ocrx_word' id='word_1_50' title='bbox 1575 543 1673 611; x_wconf 60' lang='lat' dir='ltr'>purasv</span> 
     </span>
     <span class='ocr_line' id='line_1_11' title="bbox 234 616 1674 676; baseline -0.001 -13"><span class='ocrx_word' id='word_1_51' title='bbox 234 626 328 663; x_wconf 90' lang='lat' dir='ltr'>sunt</span> <span class='ocrx_word' id='word_1_52' title='bbox 351 616 538 668; x_wconf 72' lang='grc' dir='ltr'>θάλπει),</span> <span class='ocrx_word' id='word_1_53' title='bbox 570 616 754 673; x_wconf 76' lang='grc' dir='ltr'>λάμπει),</span> <span class='ocrx_word' id='word_1_54' title='bbox 787 617 931 667; x_wconf 70' lang='grc' dir='ltr'>ἔλπει),</span> <span class='ocrx_word' id='word_1_55' title='bbox 954 617 1132 671; x_wconf 82' lang='grc' dir='ltr'><em>μέλπω,</em></span> <span class='ocrx_word' id='word_1_56' title='bbox 1158 617 1307 675; x_wconf 74' lang='grc' dir='ltr'><em>ἕρπω,</em></span> <span class='ocrx_word' id='word_1_57' title='bbox 1329 618 1502 676; x_wconf 81' lang='grc' dir='ltr'><strong><em>τέρπω,</em></strong></span> <span class='ocrx_word' id='word_1_58' title='bbox 1525 617 1674 672; x_wconf 63' lang='grc' dir='ltr'><em>πέμπε</em></span> 
     </span>
     <span class='ocr_line' id='line_1_12' title="bbox 231 681 1676 742; baseline -0.001 -13"><span class='ocrx_word' id='word_1_59' title='bbox 231 685 465 740; x_wconf 87' lang='lat' dir='ltr'>Hesychius</span> <span class='ocrx_word' id='word_1_60' title='bbox 495 685 636 740; x_wconf 85' lang='lat' dir='ltr'>adjicit</span> <span class='ocrx_word' id='word_1_61' title='bbox 665 682 870 742; x_wconf 79' lang='grc' dir='ltr'>Κάρπειν</span> <span class='ocrx_word' id='word_1_62' title='bbox 898 681 1124 741; x_wconf 78' lang='grc' dir='ltr'><strong><em>πλήττειν,</em></strong></span> <span class='ocrx_word' id='word_1_63' title='bbox 1154 682 1432 742; x_wconf 78' lang='grc' dir='ltr'>Κάρπεσθαι</span> <span class='ocrx_word' id='word_1_64' title='bbox 1459 682 1676 740; x_wconf 61' lang='grc' dir='ltr'>καθαίρει</span> 
     </span>
     <span class='ocr_line' id='line_1_13' title="bbox 233 751 1683 811; baseline -0.001 -16"><span class='ocrx_word' id='word_1_65' title='bbox 233 765 404 809; x_wconf 85' lang='lat' dir='ltr'>quarum</span> <span class='ocrx_word' id='word_1_66' title='bbox 444 751 791 807; x_wconf 85' lang='lat' dir='ltr'>significationum</span> <span class='ocrx_word' id='word_1_67' title='bbox 834 758 982 794; x_wconf 85' lang='lat' dir='ltr'>neutra</span> <span class='ocrx_word' id='word_1_68' title='bbox 1019 752 1189 807; x_wconf 86' lang='lat' dir='ltr'>propria</span> <span class='ocrx_word' id='word_1_69' title='bbox 1231 758 1271 794; x_wconf 89' lang='lat' dir='ltr'>et</span> <span class='ocrx_word' id='word_1_70' title='bbox 1309 753 1509 809; x_wconf 82' lang='lat' dir='ltr'>primaria</span> <span class='ocrx_word' id='word_1_71' title='bbox 1545 751 1683 811; x_wconf 50' lang='lat' dir='ltr'>videte.</span> 
     </span>
     <span class='ocr_line' id='line_1_14' title="bbox 232 817 1677 875; baseline 0.001 -14"><span class='ocrx_word' id='word_1_72' title='bbox 232 821 306 862; x_wconf 87' lang='lat' dir='ltr'>sed</span> <span class='ocrx_word' id='word_1_73' title='bbox 327 819 462 875; x_wconf 88' lang='lat' dir='ltr'>potius</span> <span class='ocrx_word' id='word_1_74' title='bbox 486 831 539 861; x_wconf 86' lang='lat' dir='ltr'>ea</span> <span class='ocrx_word' id='word_1_75' title='bbox 553 832 660 875; x_wconf 89' lang='lat' dir='ltr'>quae</span> <span class='ocrx_word' id='word_1_76' title='bbox 686 820 729 860; x_wconf 91' lang='lat' dir='ltr'>in</span> <span class='ocrx_word' id='word_1_77' title='bbox 751 818 882 860; x_wconf 91' lang='lat' dir='ltr'>latino</span> <span class='ocrx_word' id='word_1_78' title='bbox 906 831 1078 874; x_wconf 82' lang='lat' dir='ltr'>carpere</span> <span class='ocrx_word' id='word_1_79' title='bbox 1099 824 1139 860; x_wconf 88' lang='lat' dir='ltr'>et</span> <span class='ocrx_word' id='word_1_80' title='bbox 1160 817 1327 861; x_wconf 87' lang='lat' dir='ltr'>calvere</span> <span class='ocrx_word' id='word_1_81' title='bbox 1350 817 1394 861; x_wconf 91' lang='lat' dir='ltr'>id</span> <span class='ocrx_word' id='word_1_82' title='bbox 1409 824 1472 861; x_wconf 87' lang='lat' dir='ltr'>est</span> <span class='ocrx_word' id='word_1_83' title='bbox 1488 817 1677 872; x_wconf 48' lang='lat' dir='ltr'>velleret</span> 
     </span>
     <span class='ocr_line' id='line_1_15' title="bbox 234 883 1679 942; baseline -0.001 -14"><span class='ocrx_word' id='word_1_84' title='bbox 234 891 426 942; x_wconf 83' lang='lat' dir='ltr'>apparet3</span> <span class='ocrx_word' id='word_1_85' title='bbox 466 898 562 928; x_wconf 87' lang='lat' dir='ltr'>nam</span> <span class='ocrx_word' id='word_1_86' title='bbox 593 884 854 941; x_wconf 86' lang='lat' dir='ltr'>decerpendo</span> <span class='ocrx_word' id='word_1_87' title='bbox 885 891 925 927; x_wconf 89' lang='lat' dir='ltr'>et</span> <span class='ocrx_word' id='word_1_88' title='bbox 960 884 1200 939; x_wconf 84' lang='lat' dir='ltr'>stringendo</span> <span class='ocrx_word' id='word_1_89' title='bbox 1230 890 1458 940; x_wconf 85' lang='lat' dir='ltr'>purgantur</span> <span class='ocrx_word' id='word_1_90' title='bbox 1483 883 1679 928; x_wconf 81' lang='lat' dir='ltr'>immundt</span> 
     </span>
     <span class='ocr_line' id='line_1_16' title="bbox 232 947 1690 1010; baseline 0 -16"><span class='ocrx_word' id='word_1_91' title='bbox 232 958 273 995; x_wconf 90' lang='lat' dir='ltr'>et</span> <span class='ocrx_word' id='word_1_92' title='bbox 311 951 514 1008; x_wconf 80' lang='lat' dir='ltr'>purgandi</span> <span class='ocrx_word' id='word_1_93' title='bbox 550 950 720 994; x_wconf 89' lang='lat' dir='ltr'>verbum</span> <span class='ocrx_word' id='word_1_94' title='bbox 754 950 1002 994; x_wconf 82' lang='lat' dir='ltr'>transfertur</span> <span class='ocrx_word' id='word_1_95' title='bbox 1041 950 1095 992; x_wconf 90' lang='lat' dir='ltr'>ad</span> <span class='ocrx_word' id='word_1_96' title='bbox 1127 949 1456 994; x_wconf 86' lang='lat' dir='ltr'>verberationem</span> <span class='ocrx_word' id='word_1_97' title='bbox 1485 947 1690 1010; x_wconf 19' lang='grc' dir='ltr'>Ἐκάθηρ,</span> 
     </span>
     <span class='ocr_line' id='line_1_17' title="bbox 233 1016 518 1062; baseline -0.011 0"><span class='ocrx_word' id='word_1_98' title='bbox 233 1033 393 1062; x_wconf 83' lang='grc' dir='ltr'><strong><em>ετυπτε</em></strong></span> <span class='ocrx_word' id='word_1_99' title='bbox 421 1016 518 1060; x_wconf 89' lang='lat' dir='ltr'>Hes.</span> 
     </span>
    </p>
   </div>
   <div class='ocr_carea' id='block_1_4' title="bbox 227 1104 1708 2057">
    <p class='ocr_par' dir='ltr' id='par_1_4' title="bbox 227 1104 1708 2057">
     <span class='ocr_line' id='line_1_18' title="bbox 344 1104 1682 1150; baseline 0.001 -2"><span class='ocrx_word' id='word_1_100' title='bbox 344 1106 793 1150; x_wconf 79' lang='lat' dir='ltr'>Adnotamentum.</span> <span class='ocrx_word' id='word_1_101' title='bbox 851 1104 988 1148; x_wconf 89' lang='lat' dir='ltr'>Etiam</span> <span class='ocrx_word' id='word_1_102' title='bbox 1007 1104 1149 1149; x_wconf 88' lang='lat' dir='ltr'>horum</span> <span class='ocrx_word' id='word_1_103' title='bbox 1178 1105 1398 1150; x_wconf 79' lang='lat' dir='ltr'>verborum</span> <span class='ocrx_word' id='word_1_104' title='bbox 1415 1105 1545 1150; x_wconf 87' lang='lat' dir='ltr'>multa</span> <span class='ocrx_word' id='word_1_105' title='bbox 1566 1104 1682 1150; x_wconf 72' lang='lat' dir='ltr'>labia</span> 
     </span>
     <span class='ocr_line' id='line_1_19' title="bbox 229 1169 1681 1229; baseline 0.001 -14"><span class='ocrx_word' id='word_1_106' title='bbox 229 1173 312 1215; x_wconf 90' lang='lat' dir='ltr'>lem</span> <span class='ocrx_word' id='word_1_107' title='bbox 341 1174 600 1222; x_wconf 82' lang='lat' dir='ltr'>extrinsecus</span> <span class='ocrx_word' id='word_1_108' title='bbox 631 1178 890 1228; x_wconf 86' lang='lat' dir='ltr'>acceperunt.</span> <span class='ocrx_word' id='word_1_109' title='bbox 955 1169 1097 1229; x_wconf 80' lang='grc' dir='ltr'><em>Θήπω</em></span> <span class='ocrx_word' id='word_1_110' title='bbox 1129 1174 1237 1215; x_wconf 89' lang='lat' dir='ltr'>enim</span> <span class='ocrx_word' id='word_1_111' title='bbox 1267 1186 1294 1215; x_wconf 91' lang='lat' dir='ltr'>a</span> <span class='ocrx_word' id='word_1_112' title='bbox 1322 1171 1425 1216; x_wconf 75' lang='grc' dir='ltr'>θάω</span> <span class='ocrx_word' id='word_1_113' title='bbox 1452 1179 1604 1224; x_wconf 87' lang='lat' dir='ltr'>ortum,</span> <span class='ocrx_word' id='word_1_114' title='bbox 1651 1172 1681 1216; x_wconf 69' lang='lat' dir='ltr'>«f.</span> 
     </span>
     <span class='ocr_line' id='line_1_20' title="bbox 231 1233 1692 1296; baseline 0 -14"><span class='ocrx_word' id='word_1_115' title='bbox 231 1253 312 1295; x_wconf 90' lang='lat' dir='ltr'>quo</span> <span class='ocrx_word' id='word_1_116' title='bbox 343 1239 428 1282; x_wconf 89' lang='lat' dir='ltr'>dixi</span> <span class='ocrx_word' id='word_1_117' title='bbox 457 1241 500 1281; x_wconf 89' lang='lat' dir='ltr'>in</span> <span class='ocrx_word' id='word_1_118' title='bbox 515 1238 672 1281; x_wconf 78' lang='lat' dir='ltr'>Par-all.</span> <span class='ocrx_word' id='word_1_119' title='bbox 693 1252 732 1294; x_wconf 91' lang='lat' dir='ltr'><strong>p.</strong></span> <span class='ocrx_word' id='word_1_120' title='bbox 748 1237 817 1280; x_wconf 86' lang='grc'><strong>47.</strong></span> <span class='ocrx_word' id='word_1_121' title='bbox 875 1237 1039 1281; x_wconf 82' lang='grc' dir='ltr'><em>Βλέπω</em></span> <span class='ocrx_word' id='word_1_122' title='bbox 1072 1245 1112 1281; x_wconf 91' lang='lat' dir='ltr'>et</span> <span class='ocrx_word' id='word_1_123' title='bbox 1140 1233 1311 1283; x_wconf 77' lang='grc' dir='ltr'><em>λεύσσω</em></span> <span class='ocrx_word' id='word_1_124' title='bbox 1344 1235 1564 1295; x_wconf 80' lang='grc' dir='ltr'><em>γλαύσσω,</em></span> <span class='ocrx_word' id='word_1_125' title='bbox 1596 1252 1650 1296; x_wconf 90' lang='lat' dir='ltr'>qu</span> <span class='ocrx_word' id='word_1_126' title='bbox 1678 1237 1692 1254; x_wconf 66' lang='lat'>³&#39;</span> 
     </span>
     <span class='ocr_line' id='line_1_21' title="bbox 228 1298 1684 1379; baseline 0.001 -31"><span class='ocrx_word' id='word_1_127' title='bbox 228 1304 325 1348; x_wconf 91' lang='grc' dir='ltr'>ΕΜ.</span> <span class='ocrx_word' id='word_1_128' title='bbox 349 1305 452 1357; x_wconf 80' lang='lat'><strong>652,</strong></span> <span class='ocrx_word' id='word_1_129' title='bbox 478 1305 517 1347; x_wconf 85' lang='lat'><strong>5.</strong></span> <span class='ocrx_word' id='word_1_130' title='bbox 547 1310 659 1347; x_wconf 91' lang='lat' dir='ltr'>recte</span> <span class='ocrx_word' id='word_1_131' title='bbox 690 1306 916 1379; x_wconf 83' lang='lat' dir='ltr'>componit,</span> <span class='ocrx_word' id='word_1_132' title='bbox 946 1306 1153 1360; x_wconf 85' lang='lat' dir='ltr'>antiquum</span> <span class='ocrx_word' id='word_1_133' title='bbox 1184 1302 1277 1349; x_wconf 83' lang='grc' dir='ltr'>λάω</span> <span class='ocrx_word' id='word_1_134' title='bbox 1307 1307 1555 1361; x_wconf 85' lang='lat' dir='ltr'>cognatione</span> <span class='ocrx_word' id='word_1_135' title='bbox 1583 1298 1684 1353; x_wconf 61' lang='lat' dir='ltr'>attin</span> 
     </span>
     <span class='ocr_line' id='line_1_22' title="bbox 229 1371 1687 1430; baseline 0.002 -15"><span class='ocrx_word' id='word_1_136' title='bbox 229 1378 341 1428; x_wconf 82' lang='lat' dir='ltr'>gunt.</span> <span class='ocrx_word' id='word_1_137' title='bbox 404 1371 564 1429; x_wconf 83' lang='grc' dir='ltr'><em>Τρέπω</em></span> <span class='ocrx_word' id='word_1_138' title='bbox 594 1377 729 1421; x_wconf 85' lang='lat' dir='ltr'>verto,</span> <span class='ocrx_word' id='word_1_139' title='bbox 769 1371 835 1413; x_wconf 89' lang='lat' dir='ltr'>cui</span> <span class='ocrx_word' id='word_1_140' title='bbox 862 1372 1041 1413; x_wconf 89' lang='lat' dir='ltr'>vicinum</span> <span class='ocrx_word' id='word_1_141' title='bbox 1072 1378 1135 1414; x_wconf 91' lang='lat' dir='ltr'>est</span> <span class='ocrx_word' id='word_1_142' title='bbox 1170 1371 1346 1430; x_wconf 78' lang='grc' dir='ltr'><em>στρέφω</em></span> <span class='ocrx_word' id='word_1_143' title='bbox 1385 1379 1581 1430; x_wconf 86' lang='lat' dir='ltr'>torqueo,</span> <span class='ocrx_word' id='word_1_144' title='bbox 1620 1371 1687 1420; x_wconf 78' lang='lat' dir='ltr'>noi</span> 
     </span>
     <span class='ocr_line' id='line_1_23' title="bbox 232 1435 1685 1496; baseline 0 -14"><span class='ocrx_word' id='word_1_145' title='bbox 232 1439 339 1482; x_wconf 89' lang='lat' dir='ltr'>adeo</span> <span class='ocrx_word' id='word_1_146' title='bbox 380 1438 506 1493; x_wconf 83' lang='lat' dir='ltr'>longe</span> <span class='ocrx_word' id='word_1_147' title='bbox 547 1437 703 1479; x_wconf 84' lang='lat' dir='ltr'>distare</span> <span class='ocrx_word' id='word_1_148' title='bbox 744 1450 770 1479; x_wconf 90' lang='lat' dir='ltr'>a</span> <span class='ocrx_word' id='word_1_149' title='bbox 809 1437 921 1493; x_wconf 82' lang='grc' dir='ltr'><em>τρέω</em></span> <span class='ocrx_word' id='word_1_150' title='bbox 961 1444 1050 1481; x_wconf 86' lang='lat' dir='ltr'>tero</span> <span class='ocrx_word' id='word_1_151' title='bbox 1090 1438 1197 1481; x_wconf 87' lang='lat' dir='ltr'>unde</span> <span class='ocrx_word' id='word_1_152' title='bbox 1237 1437 1452 1495; x_wconf 79' lang='grc' dir='ltr'><em>Τέρεσσεν</em></span> <span class='ocrx_word' id='word_1_153' title='bbox 1488 1435 1685 1496; x_wconf 76' lang='grc' dir='ltr'><em>ἕτόρνωσ</em></span> 
     </span>
     <span class='ocr_line' id='line_1_24' title="bbox 229 1501 1686 1563; baseline 0.001 -14"><span class='ocrx_word' id='word_1_154' title='bbox 229 1504 329 1549; x_wconf 87' lang='lat' dir='ltr'>Hes.</span> <span class='ocrx_word' id='word_1_155' title='bbox 367 1504 479 1547; x_wconf 88' lang='lat' dir='ltr'>infra</span> <span class='ocrx_word' id='word_1_156' title='bbox 515 1503 669 1546; x_wconf 88' lang='lat' dir='ltr'>faciam</span> <span class='ocrx_word' id='word_1_157' title='bbox 701 1502 892 1546; x_wconf 42' lang='lat' dir='ltr'>clariuss</span> <span class='ocrx_word' id='word_1_158' title='bbox 920 1501 1059 1548; x_wconf 79' lang='grc' dir='ltr'><em>Ῥέπω</em></span> <span class='ocrx_word' id='word_1_159' title='bbox 1093 1518 1185 1548; x_wconf 88' lang='lat' dir='ltr'>cum</span> <span class='ocrx_word' id='word_1_160' title='bbox 1217 1505 1303 1563; x_wconf 78' lang='grc' dir='ltr'>ῥέω</span> <span class='ocrx_word' id='word_1_161' title='bbox 1339 1506 1608 1549; x_wconf 88' lang='lat' dir='ltr'>consociasse</span> <span class='ocrx_word' id='word_1_162' title='bbox 1641 1506 1686 1550; x_wconf 80' lang='lat' dir='ltr'>vi</span> 
     </span>
     <span class='ocr_line' id='line_1_25' title="bbox 230 1567 1678 1630; baseline 0.001 -16"><span class='ocrx_word' id='word_1_163' title='bbox 230 1572 377 1614; x_wconf 88' lang='lat' dir='ltr'>dentur</span> <span class='ocrx_word' id='word_1_164' title='bbox 392 1570 659 1613; x_wconf 85' lang='lat' dir='ltr'>Grammatici</span> <span class='ocrx_word' id='word_1_165' title='bbox 679 1571 748 1625; x_wconf 90' lang='lat' dir='ltr'>qui</span> <span class='ocrx_word' id='word_1_166' title='bbox 764 1567 1036 1628; x_wconf 76' lang='grc' dir='ltr'>περιρῥηδὴς</span> <span class='ocrx_word' id='word_1_167' title='bbox 1050 1572 1368 1628; x_wconf 85' lang='lat' dir='ltr'>interpretantur</span> <span class='ocrx_word' id='word_1_168' title='bbox 1378 1571 1646 1630; x_wconf 78' lang='grc' dir='ltr'><strong><em>περιρῥυείς,</em></strong></span> <span class='ocrx_word' id='word_1_169' title='bbox 1663 1577 1678 1601; x_wconf 81' lang='lat'>⁵</span> 
     </span>
     <span class='ocr_line' id='line_1_26' title="bbox 228 1633 1690 1694; baseline 0.002 -14"><span class='ocrx_word' id='word_1_170' title='bbox 228 1651 327 1682; x_wconf 89' lang='lat' dir='ltr'>nam</span> <span class='ocrx_word' id='word_1_171' title='bbox 369 1636 421 1680; x_wconf 89' lang='lat' dir='ltr'>ab</span> <span class='ocrx_word' id='word_1_172' title='bbox 461 1636 541 1679; x_wconf 93' lang='lat' dir='ltr'>hoc</span> <span class='ocrx_word' id='word_1_173' title='bbox 579 1633 855 1693; x_wconf 75' lang='grc' dir='ltr'>περιῤῥεπής</span> <span class='ocrx_word' id='word_1_174' title='bbox 889 1637 959 1678; x_wconf 86' lang='lat' dir='ltr'>vix</span> <span class='ocrx_word' id='word_1_175' title='bbox 999 1637 1219 1694; x_wconf 90' lang='lat' dir='ltr'>quidquam</span> <span class='ocrx_word' id='word_1_176' title='bbox 1256 1637 1391 1680; x_wconf 81' lang='lat' dir='ltr'>differt</span> <span class='ocrx_word' id='word_1_177' title='bbox 1428 1644 1469 1681; x_wconf 86' lang='lat' dir='ltr'>et</span> <span class='ocrx_word' id='word_1_178' title='bbox 1503 1638 1690 1686; x_wconf 73' lang='lat' dir='ltr'>inclinat-t</span> 
     </span>
     <span class='ocr_line' id='line_1_27' title="bbox 229 1695 1689 1776; baseline 0.002 -29"><span class='ocrx_word' id='word_1_179' title='bbox 229 1703 466 1747; x_wconf 87' lang='lat' dir='ltr'>labentibus</span> <span class='ocrx_word' id='word_1_180' title='bbox 497 1709 536 1745; x_wconf 91' lang='lat' dir='ltr'>et</span> <span class='ocrx_word' id='word_1_181' title='bbox 560 1701 831 1744; x_wconf 87' lang='lat' dir='ltr'>defluentibus</span> <span class='ocrx_word' id='word_1_182' title='bbox 862 1702 1077 1746; x_wconf 87' lang='lat' dir='ltr'>simillima</span> <span class='ocrx_word' id='word_1_183' title='bbox 1100 1710 1212 1755; x_wconf 91' lang='lat' dir='ltr'>sunt,</span> <span class='ocrx_word' id='word_1_184' title='bbox 1243 1695 1319 1748; x_wconf 89' lang='lat' dir='ltr'>sed</span> <span class='ocrx_word' id='word_1_185' title='bbox 1346 1703 1421 1747; x_wconf 85' lang='lat' dir='ltr'>alii</span> <span class='ocrx_word' id='word_1_186' title='bbox 1445 1705 1689 1776; x_wconf 79' lang='grc' dir='ltr'>περιεῤῥιμ;</span> 
     </span>
     <span class='ocr_line' id='line_1_28' title="bbox 228 1766 1664 1828; baseline 0.001 -14"><span class='ocrx_word' id='word_1_187' title='bbox 228 1771 359 1825; x_wconf 80' lang='grc' dir='ltr'><strong><em>μένος</em></strong></span> <span class='ocrx_word' id='word_1_188' title='bbox 387 1776 427 1812; x_wconf 90' lang='lat' dir='ltr'>et</span> <span class='ocrx_word' id='word_1_189' title='bbox 456 1766 740 1826; x_wconf 75' lang='grc' dir='ltr'>περιρραγείς</span> <span class='ocrx_word' id='word_1_190' title='bbox 768 1767 959 1819; x_wconf 85' lang='lat' dir='ltr'>reddunt,</span> <span class='ocrx_word' id='word_1_191' title='bbox 999 1770 1107 1825; x_wconf 92' lang='lat' dir='ltr'>quod</span> <span class='ocrx_word' id='word_1_192' title='bbox 1147 1784 1279 1828; x_wconf 86' lang='lat' dir='ltr'>aeque</span> <span class='ocrx_word' id='word_1_193' title='bbox 1310 1769 1498 1827; x_wconf 84' lang='lat' dir='ltr'>quadrat.</span> <span class='ocrx_word' id='word_1_194' title='bbox 1552 1771 1664 1815; x_wconf 83' lang='grc' dir='ltr'>Λέπ</span> 
     </span>
     <span class='ocr_line' id='line_1_29' title="bbox 230 1834 1691 1893; baseline -0.001 -13"><span class='ocrx_word' id='word_1_195' title='bbox 230 1850 257 1880; x_wconf 88' lang='lat' dir='ltr'>a</span> <span class='ocrx_word' id='word_1_196' title='bbox 286 1834 375 1879; x_wconf 85' lang='grc' dir='ltr'>λύω</span> <span class='ocrx_word' id='word_1_197' title='bbox 403 1835 630 1893; x_wconf 86' lang='lat' dir='ltr'>profectum</span> <span class='ocrx_word' id='word_1_198' title='bbox 653 1846 768 1883; x_wconf 85' lang='lat' dir='ltr'>esse,</span> <span class='ocrx_word' id='word_1_199' title='bbox 800 1836 899 1889; x_wconf 88' lang='lat' dir='ltr'>quia</span> <span class='ocrx_word' id='word_1_200' title='bbox 927 1835 1037 1878; x_wconf 88' lang='lat' dir='ltr'>liber</span> <span class='ocrx_word' id='word_1_201' title='bbox 1061 1837 1235 1891; x_wconf 79' lang='grc' dir='ltr'><strong>(λέπος)</strong></span> <span class='ocrx_word' id='word_1_202' title='bbox 1265 1837 1316 1880; x_wconf 91' lang='lat' dir='ltr'>de</span> <span class='ocrx_word' id='word_1_203' title='bbox 1343 1835 1493 1880; x_wconf 87' lang='lat' dir='ltr'>arbore</span> <span class='ocrx_word' id='word_1_204' title='bbox 1521 1837 1691 1881; x_wconf 66' lang='lat' dir='ltr'>delibre‘.</span> 
     </span>
     <span class='ocr_line' id='line_1_30' title="bbox 227 1898 1657 1960; baseline 0.001 -15"><span class='ocrx_word' id='word_1_205' title='bbox 227 1910 294 1946; x_wconf 89' lang='lat' dir='ltr'>tur</span> <span class='ocrx_word' id='word_1_206' title='bbox 327 1905 415 1945; x_wconf 91' lang='lat' dir='ltr'>sive</span> <span class='ocrx_word' id='word_1_207' title='bbox 451 1900 638 1943; x_wconf 87' lang='lat' dir='ltr'>reluatur</span> <span class='ocrx_word' id='word_1_208' title='bbox 673 1898 709 1942; x_wconf 89' lang='lat' dir='ltr'>J.</span> <span class='ocrx_word' id='word_1_209' title='bbox 742 1898 953 1956; x_wconf 85' lang='lat' dir='ltr'>Scaligeri</span> <span class='ocrx_word' id='word_1_210' title='bbox 992 1902 1068 1944; x_wconf 86' lang='lat' dir='ltr'>fuit</span> <span class='ocrx_word' id='word_1_211' title='bbox 1099 1905 1257 1959; x_wconf 90' lang='lat' dir='ltr'>opinio,</span> <span class='ocrx_word' id='word_1_212' title='bbox 1297 1904 1348 1947; x_wconf 91' lang='lat' dir='ltr'>de</span> <span class='ocrx_word' id='word_1_213' title='bbox 1378 1916 1460 1960; x_wconf 91' lang='lat' dir='ltr'>qua</span> <span class='ocrx_word' id='word_1_214' title='bbox 1497 1905 1657 1947; x_wconf 85' lang='lat' dir='ltr'>existim</span> 
     </span>
     <span class='ocr_line' id='line_1_31' title="bbox 229 1966 1708 2057; baseline 0.002 -46"><span class='ocrx_word' id='word_1_215' title='bbox 229 1969 340 2025; x_wconf 88' lang='lat' dir='ltr'>quod</span> <span class='ocrx_word' id='word_1_216' title='bbox 368 1969 541 2024; x_wconf 88' lang='lat' dir='ltr'>quisque</span> <span class='ocrx_word' id='word_1_217' title='bbox 570 1966 671 2010; x_wconf 90' lang='lat' dir='ltr'>velit</span> <span class='ocrx_word' id='word_1_218' title='bbox 691 1967 744 2019; x_wconf 77' lang='lat'>⁶).</span> <span class='ocrx_word' id='word_1_219' title='bbox 803 1967 868 2009; x_wconf 91' lang='lat' dir='ltr'>Ad</span> <span class='ocrx_word' id='word_1_220' title='bbox 901 1967 1203 2024; x_wconf 82' lang='lat' dir='ltr'>explanandum</span> <span class='ocrx_word' id='word_1_221' title='bbox 1237 1969 1389 2013; x_wconf 84' lang='grc' dir='ltr'><em>σκέπω</em></span> <span class='ocrx_word' id='word_1_222' title='bbox 1419 1968 1628 2015; x_wconf 84' lang='lat' dir='ltr'>Schneide</span> <span class='ocrx_word' id='word_1_223' title='bbox 1685 2011 1708 2057; x_wconf 41' lang='lat'>¹¹</span> 
     </span>
    </p>
   </div>
   <div class='ocr_carea' id='block_1_5' title="bbox 223 2113 1708 2790">
    <p class='ocr_par' dir='ltr' id='par_1_5' title="bbox 228 2113 1708 2280">
     <span class='ocr_line' id='line_1_32' title="bbox 318 2113 1708 2172; baseline 0.006 -16"><span class='ocrx_word' id='word_1_224' title='bbox 318 2123 357 2167; x_wconf 69' lang='lat'>11)</span> <span class='ocrx_word' id='word_1_225' title='bbox 387 2122 480 2157; x_wconf 86' lang='lat' dir='ltr'>Hinc</span> <span class='ocrx_word' id='word_1_226' title='bbox 504 2123 629 2157; x_wconf 87' lang='lat' dir='ltr'>calvus</span> <span class='ocrx_word' id='word_1_227' title='bbox 655 2122 678 2157; x_wconf 90' lang='lat' dir='ltr'>i.</span> <span class='ocrx_word' id='word_1_228' title='bbox 703 2133 736 2167; x_wconf 91' lang='lat' dir='ltr'>q.</span> <span class='ocrx_word' id='word_1_229' title='bbox 762 2123 909 2166; x_wconf 88' lang='lat' dir='ltr'>vulsus,</span> <span class='ocrx_word' id='word_1_230' title='bbox 935 2122 1098 2167; x_wconf 86' lang='lat' dir='ltr'>cavillus,</span> <span class='ocrx_word' id='word_1_231' title='bbox 1129 2123 1293 2160; x_wconf 84' lang='lat' dir='ltr'>cavillari</span> <span class='ocrx_word' id='word_1_232' title='bbox 1319 2130 1355 2160; x_wconf 80' lang='lat' dir='ltr'>et</span> <span class='ocrx_word' id='word_1_233' title='bbox 1378 2125 1542 2172; x_wconf 83' lang='lat' dir='ltr'>longiore</span> <span class='ocrx_word' id='word_1_234' title='bbox 1566 2127 1676 2164; x_wconf 78' lang='lat' dir='ltr'>ambit</span> <span class='ocrx_word' id='word_1_235' title='bbox 1692 2113 1708 2129; x_wconf 13' lang='grc' dir='ltr'>»ἶ</span> 
     </span>
     <span class='ocr_line' id='line_1_33' title="bbox 228 2132 1708 2271; baseline 0.003 -56"><span class='ocrx_word' id='word_1_236' title='bbox 228 2179 435 2215; x_wconf 82' lang='lat' dir='ltr'>calumniari</span> <span class='ocrx_word' id='word_1_237' title='bbox 463 2191 485 2213; x_wconf 85' lang='lat' dir='ltr'>a</span> <span class='ocrx_word' id='word_1_238' title='bbox 518 2179 667 2225; x_wconf 83' lang='lat' dir='ltr'>propria</span> <span class='ocrx_word' id='word_1_239' title='bbox 689 2176 951 2224; x_wconf 84' lang='lat' dir='ltr'>significatione</span> <span class='ocrx_word' id='word_1_240' title='bbox 984 2180 1144 2215; x_wconf 87' lang='lat' dir='ltr'>vellendi</span> <span class='ocrx_word' id='word_1_241' title='bbox 1177 2180 1353 2215; x_wconf 76' lang='lat' dir='ltr'>translata</span> <span class='ocrx_word' id='word_1_242' title='bbox 1382 2181 1430 2216; x_wconf 84' lang='lat' dir='ltr'>ad</span> <span class='ocrx_word' id='word_1_243' title='bbox 1453 2132 1708 2271; x_wconf 40' lang='lat' dir='ltr'>vexationem-Z</span> 
     </span>
     <span class='ocr_line' id='line_1_34' title="bbox 228 2235 1395 2280; baseline 0.001 -9"><span class='ocrx_word' id='word_1_244' title='bbox 228 2235 547 2277; x_wconf 81' lang='lat' dir='ltr'>obtrectationem3</span> <span class='ocrx_word' id='word_1_245' title='bbox 572 2246 690 2280; x_wconf 89' lang='lat' dir='ltr'>neque</span> <span class='ocrx_word' id='word_1_246' title='bbox 716 2235 823 2270; x_wconf 86' lang='lat' dir='ltr'>alium</span> <span class='ocrx_word' id='word_1_247' title='bbox 846 2235 1067 2270; x_wconf 88' lang='lat' dir='ltr'>intellectum</span> <span class='ocrx_word' id='word_1_248' title='bbox 1087 2235 1197 2271; x_wconf 85' lang='lat' dir='ltr'>habet</span> <span class='ocrx_word' id='word_1_249' title='bbox 1220 2236 1395 2273; x_wconf 84' lang='lat' dir='ltr'>carinare.</span> 
     </span>
    </p>

    <p class='ocr_par' dir='ltr' id='par_1_6' title="bbox 223 2273 1708 2620">
     <span class='ocr_line' id='line_1_35' title="bbox 317 2273 1708 2340; baseline 0.002 -14"><span class='ocrx_word' id='word_1_250' title='bbox 317 2291 355 2335; x_wconf 87' lang='lat'>5)</span> <span class='ocrx_word' id='word_1_251' title='bbox 389 2291 527 2326; x_wconf 86' lang='lat' dir='ltr'>Parall.</span> <span class='ocrx_word' id='word_1_252' title='bbox 558 2304 592 2338; x_wconf 91' lang='lat' dir='ltr'>p.</span> <span class='ocrx_word' id='word_1_253' title='bbox 627 2291 703 2327; x_wconf 87' lang='lat'><strong>156.</strong></span> <span class='ocrx_word' id='word_1_254' title='bbox 742 2291 801 2326; x_wconf 88' lang='lat' dir='ltr'>ubi</span> <span class='ocrx_word' id='word_1_255' title='bbox 836 2290 966 2325; x_wconf 85' lang='lat' dir='ltr'>addam</span> <span class='ocrx_word' id='word_1_256' title='bbox 1001 2289 1233 2338; x_wconf 76' lang='grc' dir='ltr'><strong><em>Προςκληδής</em></strong></span> <span class='ocrx_word' id='word_1_257' title='bbox 1262 2291 1511 2340; x_wconf 77' lang='grc' dir='ltr'><strong><em>καλεσάμενος</em></strong></span> <span class='ocrx_word' id='word_1_258' title='bbox 1539 2295 1628 2331; x_wconf 76' lang='lat' dir='ltr'>Hes.</span> <span class='ocrx_word' id='word_1_259' title='bbox 1662 2273 1708 2337; x_wconf 58' lang='lat' dir='ltr'>idi</span> 
     </span>
     <span class='ocr_line' id='line_1_36' title="bbox 226 2343 1708 2397; baseline 0.003 -14"><span class='ocrx_word' id='word_1_260' title='bbox 226 2347 438 2384; x_wconf 83' lang='lat' dir='ltr'>adverbium</span> <span class='ocrx_word' id='word_1_261' title='bbox 463 2345 691 2394; x_wconf 74' lang='grc' dir='ltr'><strong><em>προςκλήδην</em></strong></span> <span class='ocrx_word' id='word_1_262' title='bbox 712 2347 917 2382; x_wconf 86' lang='lat' dir='ltr'>mutandum</span> <span class='ocrx_word' id='word_1_263' title='bbox 940 2358 1042 2391; x_wconf 86' lang='lat' dir='ltr'>esse,</span> <span class='ocrx_word' id='word_1_264' title='bbox 1075 2354 1111 2383; x_wconf 86' lang='lat' dir='ltr'>et</span> <span class='ocrx_word' id='word_1_265' title='bbox 1134 2349 1232 2394; x_wconf 83' lang='lat' dir='ltr'>apud</span> <span class='ocrx_word' id='word_1_266' title='bbox 1266 2349 1418 2385; x_wconf 87' lang='lat' dir='ltr'>eundem</span> <span class='ocrx_word' id='word_1_267' title='bbox 1447 2362 1516 2397; x_wconf 87' lang='lat' dir='ltr'>pro</span> <span class='ocrx_word' id='word_1_268' title='bbox 1535 2343 1708 2395; x_wconf 56' lang='lat' dir='ltr'>Eumae-3}</span> 
     </span>
     <span class='ocr_line' id='line_1_37' title="bbox 225 2374 1708 2452; baseline 0.003 -12"><span class='ocrx_word' id='word_1_269' title='bbox 225 2403 338 2444; x_wconf 79' lang='grc' dir='ltr'><strong><em>νύσας</em></strong></span> <span class='ocrx_word' id='word_1_270' title='bbox 358 2402 480 2452; x_wconf 69' lang='grc' dir='ltr'><strong><em>λά9ρα</em></strong></span> <span class='ocrx_word' id='word_1_271' title='bbox 506 2402 680 2440; x_wconf 76' lang='grc' dir='ltr'><em>ἀπελθών</em></span> <span class='ocrx_word' id='word_1_272' title='bbox 702 2404 810 2439; x_wconf 88' lang='lat' dir='ltr'>scribi</span> <span class='ocrx_word' id='word_1_273' title='bbox 835 2410 1007 2450; x_wconf 86' lang='lat' dir='ltr'>oportere</span> <span class='ocrx_word' id='word_1_274' title='bbox 1032 2374 1268 2448; x_wconf 57' lang='grc' dir='ltr'>ἓπεκλινήσας</span> <span class='ocrx_word' id='word_1_275' title='bbox 1286 2410 1325 2440; x_wconf 90' lang='lat' dir='ltr'>ut</span> <span class='ocrx_word' id='word_1_276' title='bbox 1347 2405 1531 2452; x_wconf 76' lang='grc' dir='ltr'>ἒκλινῆσαι</span> <span class='ocrx_word' id='word_1_277' title='bbox 1555 2414 1594 2443; x_wconf 88' lang='lat' dir='ltr'>et</span> <span class='ocrx_word' id='word_1_278' title='bbox 1616 2409 1708 2449; x_wconf 69' lang='lat' dir='ltr'>‹ha-¹</span> 
     </span>
     <span class='ocr_line' id='line_1_38' title="bbox 224 2459 1708 2514; baseline 0.003 -19"><span class='ocrx_word' id='word_1_279' title='bbox 224 2462 367 2505; x_wconf 81' lang='grc' dir='ltr'>λινῆσαι</span> <span class='ocrx_word' id='word_1_280' title='bbox 400 2460 527 2495; x_wconf 89' lang='lat' dir='ltr'>dicitur</span> <span class='ocrx_word' id='word_1_281' title='bbox 559 2471 625 2506; x_wconf 88' lang='lat' dir='ltr'>pro</span> <span class='ocrx_word' id='word_1_282' title='bbox 659 2460 868 2507; x_wconf 73' lang='grc' dir='ltr'>διαφυγεῖν.</span> <span class='ocrx_word' id='word_1_283' title='bbox 927 2460 1112 2496; x_wconf 84' lang='lat' dir='ltr'>Adverbia</span> <span class='ocrx_word' id='word_1_284' title='bbox 1143 2471 1257 2506; x_wconf 85' lang='lat' dir='ltr'>saepe</span> <span class='ocrx_word' id='word_1_285' title='bbox 1290 2462 1487 2509; x_wconf 84' lang='lat' dir='ltr'>participiis</span> <span class='ocrx_word' id='word_1_286' title='bbox 1523 2459 1708 2514; x_wconf 48' lang='lat' dir='ltr'>explicari</span> 
     </span>
     <span class='ocr_line' id='line_1_39' title="bbox 224 2514 1708 2590; baseline 0.003 -38"><span class='ocrx_word' id='word_1_287' title='bbox 224 2517 368 2552; x_wconf 89' lang='lat' dir='ltr'>ostendi</span> <span class='ocrx_word' id='word_1_288' title='bbox 391 2517 427 2551; x_wconf 91' lang='lat' dir='ltr'>in</span> <span class='ocrx_word' id='word_1_289' title='bbox 450 2516 587 2551; x_wconf 84' lang='lat' dir='ltr'>Parall.</span> <span class='ocrx_word' id='word_1_290' title='bbox 604 2514 679 2552; x_wconf 85' lang='lat'><strong>156.</strong></span> <span class='ocrx_word' id='word_1_291' title='bbox 706 2522 741 2550; x_wconf 87' lang='lat' dir='ltr'>et</span> <span class='ocrx_word' id='word_1_292' title='bbox 765 2516 816 2551; x_wconf 89' lang='lat' dir='ltr'>sic</span> <span class='ocrx_word' id='word_1_293' title='bbox 840 2528 908 2562; x_wconf 88' lang='lat' dir='ltr'>pro</span> <span class='ocrx_word' id='word_1_294' title='bbox 927 2514 1109 2565; x_wconf 78' lang='grc' dir='ltr'><strong><em>Ἐνραβώς</em></strong></span> <span class='ocrx_word' id='word_1_295' title='bbox 1134 2514 1329 2564; x_wconf 72' lang='grc' dir='ltr'>ἐγγράψας</span> <span class='ocrx_word' id='word_1_296' title='bbox 1354 2518 1444 2554; x_wconf 85' lang='lat' dir='ltr'>Hes.</span> <span class='ocrx_word' id='word_1_297' title='bbox 1468 2519 1708 2590; x_wconf 55' lang='lat' dir='ltr'>scribendum</span> 
     </span>
     <span class='ocr_line' id='line_1_40' title="bbox 223 2572 663 2620; baseline 0.005 -12"><span class='ocrx_word' id='word_1_298' title='bbox 223 2584 307 2608; x_wconf 89' lang='lat' dir='ltr'>esse</span> <span class='ocrx_word' id='word_1_299' title='bbox 330 2577 431 2619; x_wconf 81' lang='lat' dir='ltr'>patet</span> <span class='ocrx_word' id='word_1_300' title='bbox 455 2572 663 2620; x_wconf 70' lang='grc' dir='ltr'><strong>ἐγγράφως.</strong></span> 
     </span>
    </p>

    <p class='ocr_par' dir='ltr' id='par_1_7' title="bbox 223 2626 1705 2790">
     <span class='ocr_line' id='line_1_41' title="bbox 313 2626 1702 2678; baseline 0.004 -14"><span class='ocrx_word' id='word_1_301' title='bbox 313 2629 352 2673; x_wconf 89' lang='grc'>6)</span> <span class='ocrx_word' id='word_1_302' title='bbox 382 2628 578 2664; x_wconf 79' lang='lat' dir='ltr'>Erotianus</span> <span class='ocrx_word' id='word_1_303' title='bbox 601 2626 862 2672; x_wconf 80' lang='grc' dir='ltr'>Ἐκλαπήσεται</span> <span class='ocrx_word' id='word_1_304' title='bbox 884 2627 965 2664; x_wconf 82' lang='grc' dir='ltr'>ἀντὶ</span> <span class='ocrx_word' id='word_1_305' title='bbox 1001 2641 1062 2664; x_wconf 86' lang='grc' dir='ltr'>του</span> <span class='ocrx_word' id='word_1_306' title='bbox 1087 2626 1352 2675; x_wconf 76' lang='grc' dir='ltr'>ἔκγλυφήσεται</span> <span class='ocrx_word' id='word_1_307' title='bbox 1386 2632 1448 2666; x_wconf 79' lang='grc' dir='ltr'>καὶ</span> <span class='ocrx_word' id='word_1_308' title='bbox 1472 2627 1702 2678; x_wconf 65' lang='grc' dir='ltr'>ἔκγεννηθῆ-’ἔ</span> 
     </span>
     <span class='ocr_line' id='line_1_42' title="bbox 223 2680 1703 2734; baseline 0.001 -14"><span class='ocrx_word' id='word_1_309' title='bbox 223 2695 333 2720; x_wconf 74' lang='grc' dir='ltr'>σεται.</span> <span class='ocrx_word' id='word_1_310' title='bbox 376 2682 639 2732; x_wconf 75' lang='grc' dir='ltr'>Ἀριστοφάνης</span> <span class='ocrx_word' id='word_1_311' title='bbox 663 2685 704 2721; x_wconf 77' lang='grc' dir='ltr'>ἐν</span> <span class='ocrx_word' id='word_1_312' title='bbox 726 2682 916 2733; x_wconf 73' lang='grc' dir='ltr'>Γηρυτάδῃ</span> <span class='ocrx_word' id='word_1_313' title='bbox 940 2687 990 2729; x_wconf 90' lang='grc' dir='ltr'>(ιι.</span> <span class='ocrx_word' id='word_1_314' title='bbox 1019 2683 1154 2728; x_wconf 88' lang='lat' dir='ltr'><strong>XVII.)</strong></span> <span class='ocrx_word' id='word_1_315' title='bbox 1185 2683 1364 2731; x_wconf 78' lang='grc' dir='ltr'>φήμαις</span> <span class='ocrx_word' id='word_1_316' title='bbox 1387 2680 1470 2723; x_wconf 76' lang='grc' dir='ltr'>οὖν</span> <span class='ocrx_word' id='word_1_317' title='bbox 1493 2685 1581 2734; x_wconf 71' lang='grc' dir='ltr'>ἐγώ</span> <span class='ocrx_word' id='word_1_318' title='bbox 1605 2683 1703 2734; x_wconf 60' lang='lat' dir='ltr'>ppo-‘l</span> 
     </span>
     <span class='ocr_line' id='line_1_43' title="bbox 224 2727 1705 2790; baseline 0.003 -14"><span class='ocrx_word' id='word_1_319' title='bbox 224 2743 296 2777; x_wconf 77' lang='grc' dir='ltr'>τῶν</span> <span class='ocrx_word' id='word_1_320' title='bbox 317 2739 481 2781; x_wconf 76' lang='grc' dir='ltr'><em>ἅπαντας</em></span> <span class='ocrx_word' id='word_1_321' title='bbox 514 2742 733 2786; x_wconf 74' lang='grc' dir='ltr'>ἐκλαπῆναι,</span> <span class='ocrx_word' id='word_1_322' title='bbox 771 2751 865 2786; x_wconf 84' lang='lat' dir='ltr'>quae</span> <span class='ocrx_word' id='word_1_323' title='bbox 896 2740 1055 2776; x_wconf 84' lang='lat' dir='ltr'>fortasse</span> <span class='ocrx_word' id='word_1_324' title='bbox 1090 2740 1143 2775; x_wconf 87' lang='lat' dir='ltr'>sic</span> <span class='ocrx_word' id='word_1_325' title='bbox 1174 2740 1367 2777; x_wconf 80' lang='lat' dir='ltr'>scribenda</span> <span class='ocrx_word' id='word_1_326' title='bbox 1398 2741 1489 2789; x_wconf 82' lang='grc' dir='ltr'><strong><em>φήμ’</em></strong></span> <span class='ocrx_word' id='word_1_327' title='bbox 1523 2756 1591 2782; x_wconf 77' lang='grc' dir='ltr'>ουν</span> <span class='ocrx_word' id='word_1_328' title='bbox 1623 2727 1705 2790; x_wconf 48' lang='lat' dir='ltr'>dyo}</span> 
     </span>
    </p>
   </div>
   <div class='ocr_carea' id='block_1_6' title="bbox 1657 1509 1708 1991">
    <p class='ocr_par' dir='ltr' id='par_1_8' title="bbox 1657 1509 1708 1991">
     <span class='ocr_line' id='line_1_44' title="bbox 1686 1509 1708 1660; baseline 0 -67"><span class='ocrx_word' id='word_1_329' title='bbox 1686 1509 1708 1660; x_wconf 95' lang='lat' dir='ltr'>   </span> 
     </span>
     <span class='ocr_line' id='line_1_45' title="bbox 1691 1660 1708 1723; baseline 0 1403"><span class='ocrx_word' id='word_1_330' title='bbox 1691 1660 1708 1723; x_wconf 95' lang='lat' dir='ltr'> </span> 
     </span>
     <span class='ocr_line' id='line_1_46' title="bbox 1666 1723 1708 1922; baseline 0 -116"><span class='ocrx_word' id='word_1_331' title='bbox 1666 1723 1708 1922; x_wconf 95' lang='lat' dir='ltr'>     </span> 
     </span>
     <span class='ocr_line' id='line_1_47' title="bbox 1657 1922 1708 1991; baseline 0.059 -3"><span class='ocrx_word' id='word_1_332' title='bbox 1657 1922 1708 1991; x_wconf 95' lang='lat' dir='ltr'>  </span> 
     </span>
    </p>
   </div>
  </div>
 </body>
</html>
