1708 3126
255 207 318 253 68
696 197 1167 242 DISSERTATIO
1211 195 1282 241 Ill.

255 327 525 371 ἇναπὲπωκε
546 329 626 376 ³⁶).
686 323 733 367 In
761 341 849 378 υχω
879 330 1054 380 quatuor
1092 329 1259 374 exeunt,
1295 333 1403 379 quae
1433 320 1660 382 Theognos

253 398 465 436 recenset:
496 389 654 448 βρύχω,
683 387 846 444 σμύχω,
875 388 1031 447 τρύχω,
1058 387 1187 446 ψύχω
1218 395 1258 432 et
1278 387 1540 451 trisyllabum
1567 385 1646 448 ὂρύ

254 458 359 501 Nam
396 471 470 515 pro
495 454 801 511 Ἀμύσχεσθαι
831 456 943 507 ξέειν
974 455 1053 507 τὰς
1093 453 1260 514 σάρκας
1287 455 1386 499 Hes.
1425 461 1467 499 et
1493 454 1673 512 qnod&

254 526 415 583 phanus
444 524 539 566 huic
570 523 758 579 supponit
789 517 1060 576 ἇμύχεσθαι,
1094 529 1280 580 praestat
1308 517 1592 576 ἆμῦσσεσθαι
1624 534 1644 564 s

254 595 376 645 herc,
419 593 631 648 nihiloque
661 592 784 633 tutius
819 588 1008 644 Τύχουσι
1036 589 1251 644 τεύχουσι.
1309 589 1502 634 Totidem
1532 591 1577 633 in
1602 580 1674 644 Er

256 659 382 719 ῥώχω
417 659 466 703 τὸ
494 656 642 715 βρύκω
673 660 767 708 τοῖς
796 653 952 700 ὀδοῦσι
980 654 1078 699 Hes.
1108 656 1179 699 ubi
1207 654 1355 712 βρύκω
1384 657 1494 700 idem
1523 654 1661 712 signifi

256 727 366 783 quod
392 722 551 782 βρύχω,
586 724 661 766 sed
689 725 731 765 in
763 721 916 766 Sorani
947 736 982 766 c.
1012 722 1079 765 88.
1112 736 1150 780 p.
1179 722 1276 780 206.
1311 721 1418 780 περὶ
1447 721 1624 782 ῥωχμοῦ

254 791 389 849 βηχός
405 791 574 836 verbum
597 789 811 848 ῥώχοντος
835 791 913 831 τοῦ
941 788 1127 832 παιδίου
1153 787 1228 832 διὰ
1249 788 1298 832 τὸ
1329 787 1455 834 πολὺ
1473 787 1526 832 τὸ
1554 788 1673 846 φλέγ

257 858 481 914 συλλέγειν
510 870 592 899 non
630 855 848 898 stridorem
878 854 1058 897 dentium
1089 854 1294 911 significat
1327 855 1402 898 sed
1425 856 1656 911 graviorem
1680 855 1681 870 ³

257 926 537 968 sonantior-em
569 923 732 965 animae
762 928 962 972 meatum,
1002 921 1138 978 qualis
1166 922 1372 977 pituitosis
1401 934 1498 964 esse
1527 921 1682 974 soletf

256 991 367 1048 quod
404 990 643 1045 germanice
681 988 829 1031 dicitur
867 989 1054 1030 roccheln
1090 988 1269 1031 vicinum
1305 985 1446 1045 ῥόγχῳ
1487 994 1528 1031 et
1541 987 1664 1050 (5192

257 1058 346 1101 sive
376 1056 550 1113 ῥωγμιῦ,
581 1068 674 1098 nam
705 1057 748 1097 in
775 1061 947 1109 utroque
976 1053 1177 1096 vacillant
1204 1053 1299 1096 libri
1325 1054 1440 1096 Aret.
1463 1052 1582 1109 Sign.
1607 1047 1674 1096 Αι

255 1122 287 1165 Ι.
303 1123 343 1165 6.
377 1136 413 1178 p.
430 1122 471 1164 9.
501 1120 621 1176 Sign.
653 1120 762 1164 Diut.
779 1120 810 1162 I.
843 1120 908 1171 ll,
932 1119 1026 1162 103.
1085 1119 1237 1164 Cetera
1262 1121 1428 1163 notiora
1445 1127 1539 1164 sunt
1567 1117 1679 1174 σμώ·

256 1191 284 1231 i.
313 1203 350 1244 q.
379 1185 543 1243 σμήχει),
565 1190 634 1240 ³⁷)
677 1186 815 1243 ψιόχω
855 1184 905 1228 τὸ
941 1185 1077 1241 τρίβω
1116 1185 1243 1242 παρὰ
1275 1185 1324 1229 τὸ
1364 1189 1442 1243 ψῶ
1470 1185 1569 1230 Sch.
1600 1185 1685 1230 Ari

255 1255 359 1298 Rau.
386 1253 482 1296 493.
516 1254 625 1309 quod
654 1255 791 1297 ionice
821 1253 970 1295 dicitur
997 1268 1138 1306 σωχω.
1198 1251 1287 1295 Sed
1318 1249 1536 1306 Μώχεται
1565 1255 1661 1310 φθο

254 1320 354 1364 Hes.
382 1333 457 1377 pro
484 1317 695 1373 ’σμύχεται
725 1319 876 1362 dictum
901 1318 1082 1370 videtur3
1111 1331 1208 1362 nam
1235 1319 1279 1362 id
1305 1320 1512 1376 proprium
1541 1318 1665 1363 invidt

255 1387 379 1438 tibus,
411 1385 459 1436 ἐξ
474 1383 609 1428 αὐτοῦ
634 1385 682 1429 δὲ
711 1385 760 1428 τὸ
778 1382 952 1442 φθόνον
983 1382 1254 1439 ὑποσμύχειν
1280 1383 1487 1441 εἴληπται
1499 1383 1615 1429 Eust.
1661 1429 1663 1432 ,

255 1453 324 1495 35.
383 1450 580 1506 Sequitur
615 1458 657 1495 ut
697 1451 1037 1508 diphthongorum
1080 1451 1269 1508 exempla
1307 1451 1540 1508 proferam:
1577 1449 1665 1496 τὰ
1663 1438 1684 1460 ὐ

252 1539 316 1575 χω
346 1523 401 1579 τῆ
437 1536 478 1563 ει
517 1517 751 1577 διφθόγγῳ
783 1516 834 1562 οὗ
865 1517 1172 1576 παραλήγεται
1208 1520 1326 1577 πλὴν
1362 1522 1455 1564 τοῦ
1469 1519 1624 1574 στείχω

256 1586 385 1640 λείχω
422 1584 517 1627 ΕΜ.
557 1599 595 1641 p.
626 1585 723 1636 253,
753 1585 820 1627 20.
851 1585 956 1635 516,
993 1585 1032 1627 5.
1083 1585 1217 1628 Cram.
1249 1584 1281 1628 I.
1318 1585 1415 1628 245.
1454 1593 1495 1630 ct
1529 1586 1627 1630 416.
1676 1580 1693 1594 ²

252 1655 460 1711 tidemque
496 1671 547 1697 ευ
573 1653 727 1696 habent
754 1653 888 1707 τεύχω
919 1660 959 1696 et
998 1649 1202 1707 εὔχομαι,
1240 1655 1324 1697 nisi
1365 1655 1589 1713 accipimus
1619 1667 1670 1711 qu

253 1723 486 1779 Hesychius
517 1722 687 1778 praebet
709 1719 932 1775 Λεύχεται
963 1724 1184 1774 κοιμᾶται.
1245 1721 1371 1766 Unum
1402 1741 1445 1768 οι
1480 1731 1523 1767 ut
1564 1724 1616 1767 ab

252 1792 429 1835 rodiano
459 1791 656 1834 discimus
671 1789 801 1869 Epim.
818 1791 916 1832 253.
947 1789 1003 1833 τὰ
1027 1790 1101 1834 διὰ
1125 1794 1205 1834 τοῦ
1238 1808 1327 1845 υχω
1354 1791 1430 1837 διὰ
1458 1795 1537 1836 τοῦ
1567 1809 1594 1836 υ
1621 1790 1690 1849 γρ

254 1873 388 1915 φεται
417 1856 532 1912 πλὴν
561 1858 640 1898 τοῦ
671 1854 869 1908 οἴχομαι,
898 1870 1025 1912 quare
1055 1870 1128 1913 pro
1159 1856 1318 1911 στοίχω
1348 1856 1559 1902 Theodos.
1585 1872 1623 1916 p.

251 1923 319 1966 40.
351 1924 510 1975 στοιχιῦ
530 1921 803 1964 scribendum.
863 1921 913 1965 Et
933 1924 1266 1966 consonantium:
1298 1919 1426 1979 ι’ίγχω,
1456 1924 1605 1983 ῥέγχω,
1635 1923 1684 1969 ἕλ

252 2005 338 2043 γχω
360 1990 434 2039 33)·
454 1984 588 2044 ἄρχω,
617 1985 820 2043 ἔρχομαι,
852 1988 1010 2045 κέρχιο,
1042 1988 1241 2043 σπέρχω,
1273 1989 1450 2043 πάσχω,
1479 1988 1600 2045 ἴσχω.
1688 1999 1691 2002 ’

363 2065 822 2108 Adnotamentum.
896 2064 1082 2116 Quatuor
1132 2064 1252 2120 hujus
1307 2066 1487 2113 ordinis.
1506 2067 1634 2111 verbo
1684 2063 1691 2076 '⁴

251 2128 386 2186 νήχω,
426 2128 601 2186 σμήχω,
631 2127 783 2187 ψήχει),
822 2128 963 2187 τρύχω
993 2132 1199 2187 primitiva
1225 2139 1372 2175 statum
1400 2139 1614 2177 tenuerunt
1641 2123 1697 2180 νέ

343 2288 404 2333 36)
438 2288 478 2323 In
515 2289 641 2335 Epigr.
678 2288 725 2323 de
763 2287 963 2333 naufrago,
1008 2298 1114 2332 quem
1153 2291 1258 2334 κῆτος
1292 2290 1495 2339 ἀπέβροξεν
1523 2290 1627 2339 ἄχρις
1657 2282 1703 2327 ἀῖ

251 2344 439 2391 ὀμφαλίου
464 2346 499 2379 in
525 2345 687 2380 Meinek.
713 2344 798 2379 Del.
826 2343 901 2378 134.
927 2344 1098 2388 praefero
1122 2345 1218 2390 quod
1241 2345 1342 2381 Plan.
1368 2346 1513 2396 scripsit
1542 2347 1693 2396 οἰπιέβρυι

251 2400 449 2436 demordit
474 2407 512 2435 ut
542 2398 749 2447 μύραιναι
736 2399 793 2434 αιλ
784 2402 862 2443 ιῆιις
897 2397 1106 2446 ἐμβρύξασα
1129 2400 1212 2436 Nic.
1240 2401 1349 2436 Ther.
1375 2401 1454 2438 824.
1486 2411 1510 2438 a
1536 2401 1658 2452 βρύκω
1684 2409 1708 2451 ις

250 2455 474 2503 κιιτιιβρύκω.
522 2456 574 2490 Ac
599 2456 756 2490 vicissim
780 2457 816 2490 in
839 2455 945 2490 Anth.
959 2455 1038 2491 Vll.
1063 2455 1141 2492 624.
1166 2453 1337 2492 θάλασσα
1360 2460 1430 2502 νῆα
1448 2459 1576 2507 ἔβρυζε
1601 2460 1708 2537 aptita¹¹

249 2512 355 2557 fuerit
378 2513 441 2558 ἕβρ
422 2514 503 2552 οοξε
528 2512 681 2558 glutivit.

330 2579 398 2626 37)
432 2579 557 2614 Schol.
582 2578 691 2626 Arist.
716 2577 860 2613 Thesm.
885 2577 963 2613 389.
1002 2583 1037 2612 et
1070 2577 1227 2624 Hesych.
1265 2578 1481 2627 ἕπισμήχειν
1503 2552 1708 2629 Zmrptsssmi

248 2638 389 2681 σμῶξαι
418 2636 490 2683 γὰρ
526 2633 565 2670 τὸ
599 2632 773 2678 πατάξαι,
815 2634 925 2670 ἔνθεν
955 2631 1105 2678 σμῶδιξ
1145 2633 1235 2670 ΕΜ.
1268 2646 1396 2682 σμωνη
1428 2636 1450 2682 ἦ
1482 2639 1546 2674 τοῦ
1578 2636 1708 2685 ἇνέμοζ

246 2689 367 2737 πληγή
392 2690 466 2727 ἀπὸ
492 2693 554 2727 τοῦ
580 2692 673 2735 σμῶ.

338 2758 397 2801 38)
430 2760 563 2803 Κέγχει
590 2756 777 2794 &nummu
801 2758 887 2793 Hes.
916 2758 1141 2803 praetermisi
1167 2769 1243 2793 cum
1271 2758 1387 2795 aliis
1377 2770 1494 2806 aeque
1516 2761 1658 2808 ignotis.
