1728 3120
1669 147 1679 177 i

236 219 336 264 218
668 208 1118 253 DISSERTATIO
1162 210 1276 255 xm.

237 332 439 370 structura
479 330 542 365 est
574 330 615 365 ut
654 324 793 365 versui
822 321 992 366 heroico
1020 323 1135 366 nullo
1173 323 1296 368 modo
1330 323 1684 384 admouimussin

233 392 343 436 velut
361 387 561 446 ἀντιάζω,
581 385 779 441 εὖόιάζω,
802 386 1007 444 ὂκριάζω,
1039 387 1253 444 ἷχθυάζω,
1282 389 1701 447 σκεπάζσηᾳδῐκιάζω

235 454 458 509 σταλάζω,
497 452 687 512 ὀργιάζει)
718 455 1011 500 substituerunt
1047 457 1265 501 vocaliora
1301 457 1397 510 illa,
1429 470 1550 515 quae
1578 472 1706 517 suprv

233 524 416 580 exposui,
447 518 620 573 ἀντιόω,
652 519 822 574 ἰχθυόω
844 528 922 566 etc.
983 522 1071 567 Sed
1090 524 1259 567 eosdem
1286 537 1369 568 non
1397 536 1494 568 raro
1511 527 1681 570 -animad
1706 527 1708 531 ’

230 592 427 634 vertimus
468 588 546 630 hac
575 589 862 632 terminatione
892 603 993 633 usos
1025 604 1119 633 esse
1152 591 1221 633 ubi
1250 592 1398 635 evitari
1423 598 1584 648 poterat
1609 606 1686 637 ver

232 659 298 700 bis
329 657 451 699 aliter
487 655 705 698 collocatis
744 663 785 698 et
814 670 863 699 ex
902 670 952 700 eo
984 658 1265 701 concludimus
1295 659 1709 715 utriusquenformat

228 725 502 782 promiscuum
533 723 664 765 fuisse
698 735 815 765 usum
853 719 1074 780 εἰλυφόων
1103 722 1369 780 εἰλυφάζων,
1404 726 1706 780 σκοπιαζέμεν.

231 792 611 838 διασκοπιᾶσθαι,
652 786 858 832 ἰσάσκετο
890 787 1092 842 ἶσάζουσι
1115 794 1148 842 14)
1189 789 1363 845 βιάζετε
1386 788 1591 845 βιόωντο,
1629 785 1709 838 0ὔῖ

230 873 363 901 τασκε
404 852 583 909 οὔταζε,
626 869 732 912 quae
778 856 884 911 apud
925 855 1145 900 Homerum
1182 858 1394 912 leguntur,
1441 849 1548 915 §pud
1593 859 1702 906 alios.

225 921 397 977 χνόαων
423 922 638 976 χνοάζων,
679 930 718 965 et
748 936 854 978 quae
885 923 938 965 ad
969 926 1086 966 metri
1115 923 1568 970 rationemadmodum
1597 925 1702 972 nihil

228 989 417 1033 differunt
463 988 709 1032 σκοπίασκε
747 996 786 1032 et
830 991 997 1046 saepius
1036 989 1273 1043 ἐσκοπίαζε
1302 991 1412 1047 apud
1438 989 1631 1043 Quintum
1661 1001 1706 1039 ις.

229 1053 434 1114 Spitzner'.
466 1056 516 1098 de
534 1054 651 1098 Vers.
681 1055 767 1097 her.
787 1056 884 1098 209.
915 1054 1106 1113 αὐδῆσαι
1136 1064 1177 1100 et
1205 1055 1395 1109 αὗδάξαι
1412 1064 1489 1111 ete.
1506 1060 1546 1113 ²)
1589 1057 1702 1105 Muk

227 1131 359 1167 torum
387 1136 488 1166 vero
518 1122 672 1165 diversi
690 1123 822 1165 exitus
853 1123 1059 1167 diversum
1086 1123 1343 1171 intellectum
1365 1124 1549 1173 faoiimt.⁴
1593 1124 1715 1171 Nam

226 1191 370 1247 βιβᾷν,
401 1189 548 1246 λιπᾷν,
579 1191 706 1247 σιγᾷν
737 1189 1078 1244 significationem
1108 1191 1410 1234 intransitivum
1433 1190 1598 1244 habent,
1629 1196 1701 1247 βω

223 1255 374 1311 βάζειν
394 1258 434 1309 ³)
471 1253 692 1308 λιπάζειν,
733 1255 924 1310 σιγάζειν
961 1256 1208 1307 factitivam,
1246 1257 1436 1314 idemque
1475 1258 1697 1302 discrimen

224 1324 426 1367 interdum
456 1322 611 1365 obtinet
650 1324 692 1364 in
723 1322 863 1365 verbis
895 1319 1021 1380 ἇνίᾷν
1053 1330 1093 1365 et
1129 1319 1341 1376 ἆνιάζειν,
1379 1325 1520 1383 πελᾷν
1549 1331 1588 1368 et
1617 1342 1698 1369 new

226 1388 382 1444 λάζειν,
413 1403 490 1432 nec
515 1389 702 1432 omnibus
731 1389 838 1431 locis
868 1389 977 1432 idem
994 1389 1136 1432 valent
1164 1386 1344 1448 ἀγαπᾷν
1372 1397 1412 1433 et
1440 1387 1693 1446 ἇγαπάζειν,

224 1454 412 1514 αἰθριᾷν
445 1463 484 1498 et
513 1454 777 1509 αἰθριάζειν,
808 1458 968 1513 πειρᾷν
987 1462 1026 1498 et
1054 1454 1294 1511 πειράζειν,
1323 1457 1567 1514 longissime
1595 1471 1694 1502 vero

224 1523 414 1566 differunt
451 1519 706 1578 ἆγορᾶσθαι
745 1529 784 1565 et
823 1519 1068 1578 ἀγοράζειν.
1125 1523 1227 1566 Alia
1257 1524 1435 1567 diversis
1469 1525 1692 1580 generibus

224 1590 433 1634 scribendi
464 1589 682 1631 distributa
712 1584 827 1631 sunt(
872 1588 1036 1631 Etenim
1060 1603 1134 1646 pro
1160 1592 1273 1647 puris
1295 1604 1401 1647 quae
1429 1598 1577 1648 poetae
1611 1591 1693 1635 sre-

225 1664 433 1715 quentant⁷
462 1670 598 1699 sermo
618 1658 844 1699 communis
866 1657 1074 1712 adoptavit
1092 1656 1319 1712 barytona:
1351 1654 1561 1714 ἀτιμάζειν,
1593 1658 1693 1712 βιά-

224 1726 375 1779 ζομαι,
414 1720 622 1776 εὖδιάζω,
653 1722 915 1779 σεληνιάζω,
935 1727 972 1775 ⁴)
1008 1721 1224 1777 θοινάζω,
1253 1722 1479 1777 σκεπάζω,
1507 1722 1693 1779 χλοάζω,

219 1792 287 1836 vel
329 1792 453 1834 etiam
486 1790 571 1833 alio
607 1788 773 1832 deflexit
806 1787 938 1846 ὑφάω
967 1787 1162 1846 ὑφαίνω,
1209 1788 1387 1848 κρεμάω
1427 1789 1693 1848 κρεμάννυμι

220 1866 297 1902 etc.
366 1857 453 1900 Sed
488 1858 689 1900 interdum
726 1863 870 1900 contra
913 1857 1087 1908 accidit3
1131 1870 1227 1899 nam
1265 1860 1473 1916 γειτνιᾷν,
1518 1860 1692 1916 πειρᾷν;

220 1923 491 1982 ἀκροᾶσθαι,
522 1925 767 1977 λιχμᾶσθαι
796 1925 839 1966 in
865 1937 993 1980 prosa
1020 1925 1283 1980 praevalent;
1319 1923 1544 1982 πειράζειν
1570 1924 1690 1968 Moe—

219 1994 278 2035 ris
315 1992 555 2034 nominatim
600 1990 777 2032 damnat.
844 1989 895 2032 Et
936 1991 1147 2033 nonnullis
1191 1993 1413 2047 scriptores
1456 1994 1691 2048 promiscue.

217 2064 381 2102 utuntur
411 2054 648 2098 αἰτιᾶσθαι
683 2062 723 2098 et
753 2052 1050 2107 αἱτιάζεσθαι.
1108 2056 1171 2099 De
1200 2057 1360 2100 duabus
1387 2058 1560 2114 reliquis
1590 2073 1689 2102 con-

312 2184 347 2227 l)
375 2182 530 2218 Nonnus
554 2186 764 2215 constanter
786 2182 956 2220 σκοπίαζε
979 2180 1130 2216 XXXII.
1154 2180 1229 2217 lll.
1254 2180 1443 2220 XXXVII.
1462 2183 1541 2221 269.
1588 2186 1687 2222 idem

218 2239 380 2282 ῐσάζοντο
405 2236 574 2273 XXVllI.
601 2237 656 2272 30.
689 2248 763 2270 non
792 2232 1005 2282 ῑσάσκοντο,
1043 2249 1114 2282 quo
1138 2250 1244 2274 nemo
1276 2245 1360 2286 post
1381 2239 1578 2282 Homerum
1600 2255 1686 2279 usus

218 2303 283 2343 est,
315 2302 350 2331 et
377 2291 568 2341 διχάζομαι
584 2293 645 2327 ΠΙ.
663 2292 717 2327 33.
742 2292 910 2328 XXVIII.
927 2293 981 2328 30.
1006 2293 1266 2331 XXXVl.456.
1293 2295 1471 2333 Mamlv.
1493 2298 1526 2334 7.
1550 2300 1684 2336 Joann.

217 2354 351 2400 Ecplir.
379 2351 422 2386 H.
450 2350 529 2385 ⁴284.
555 2362 628 2384 non
658 2346 767 2395 διχόω
792 2350 851 2385 vel
877 2350 1017 2395 διχαίω.

307 2409 345 2453 2)
378 2405 603 2453 ’Λερτάσσειε
629 2405 751 2441 Nonn.
777 2406 823 2441 X.
848 2406 926 2441 303.
963 2408 1180 2442 correctoris
1216 2414 1289 2450 est;
1321 2408 1406 2444 alibi
1440 2409 1610 2457 ἆερτῆσαι
1635 2413 1683 2448 le-

214 2468 316 2513 gitur.
365 2461 591 2508 Φοιβάσουσι
612 2462 810 2508 Lycophro
836 2462 923 2496 dixit
945 2463 1041 2498 1166.
1072 2475 1139 2508 pro
1166 2462 1383 2510 φοιβῆσουσι
1398 2467 1624 2515 μινῃαόιιῃι
1647 2475 1683 2503 et

214 2522 371 2558 vicissim
399 2519 442 2556 τὰ
467 2522 695 2567 φοιβαθέντα
721 2518 849 2555 Liban.
872 2519 978 2554 Deci.
1004 2519 1044 2554 Τ.
1073 2519 1134 2555 1V.
1161 2520 1216 2556 33.
1248 2533 1315 2566 pro
1346 2525 1601 2568 wocssaffle‘vroe
1619 2534 1681 2571 va>—

214 2580 355 2621 ticinia3
388 2578 452 2612 sed
478 2577 535 2611 hic
561 2582 725 2622 praestat
747 2578 939 2623 φανθέντα
964 2577 999 2610 in
1028 2588 1139 2622 marg.
1161 2578 1343 2624 scriptum.
1390 2582 1585 2624 Λιναπτᾷν
1608 2579 1681 2616 He-

213 2636 355 2681 sychius
382 2635 641 2679 interpretatur
663 2629 907 2676 λινοπτάζειν,
942 2632 1107 2677 idemque
1140 2633 1243 2668 affert
1271 2635 1442 2681 ἒπωπᾷν,
1477 2634 1679 2678 ἑπωπάζειν

214 2698 250 2725 et
276 2689 502 2734 ὠπάζεσθαι,
530 2701 596 2735 pro
623 2701 694 2734 quo
720 2687 910 2734 Oppianus
936 2686 1156 2733 ὠπήσασθαι,
1178 2691 1277 2726 dixit.
1715 2685 1719 2688 ’

306 2748 343 2791 3)
375 2749 587 2792 Synonyma
611 2746 729 2781 facere
757 2738 1082 2782 videtin-”Thomas
1107 2747 1278 2791 διεβίβων
1301 2749 1363 2782 καὶ
1386 2747 1600 2793 διεβίβαζον.

307 2805 344 2847 4)
376 2803 554 2838 Manetho
580 2814 652 2837 uon
677 2800 927 2846 σεληνιάζοντα
959 2803 1146 2849 scripsisse
1170 2804 1314 2850 videtur
1336 2804 1403 2840 sed
1426 2804 1676 2850 σεληνιόωνια.
