1728 3120
237 181 336 227 266
661 170 1127 214 DlSSERTATIO
1172 170 1281 216 xvt.

238 290 321 331 dici
350 292 480 343 potest
509 284 576 327 vel
599 283 704 326 adeo
735 283 868 334 debet,
899 284 937 326 si
963 296 1103 327 verum
1133 289 1196 326 est
1225 295 1290 334 ea,
1325 295 1432 340 quae
1458 297 1544 328 non
1571 284 1705 329 solunt

237 354 438 407 originem
469 350 542 393 sed
572 351 697 393 etiam
727 351 971 393 sententiam
999 350 1211 394 verbalem
1246 349 1418 402 habent,
1461 353 1556 395 aeui
1585 365 1706 410 opor*-

234 428 333 462 tere.
378 412 510 474 Ποέγη
527 430 628 460 vero
650 430 733 460 non
751 418 983 473 pactionem
1008 417 1194 460 declarat
1218 416 1290 459 sed
1317 423 1571 474 compactum
1588 419 1706 476 quid·-

235 487 342 529 dam.
401 483 462 526 De
505 481 638 541 τρύγη
675 497 756 527 non
796 497 1047 541 magnopere
1086 483 1332 527 contendam
1368 490 1502 528 utrum
1541 497 1568 528 a
1598 483 1708 542 τρύὲἷ

233 558 503 609 propagatum
535 552 587 593 sit
616 557 659 592 ut
688 548 808 607 ἑλίκη
842 550 893 592 ab
926 549 1028 602 ἕλιξ,
1059 548 1197 608 φρίκη
1229 564 1255 593 a
1277 549 1396 608 φρίξ,
1427 564 1482 595 an
1510 565 1537 595 a
1563 551 1704 596 verbo.

234 618 321 661 Sed
351 617 479 674 στέγη
510 616 627 659 nulla
657 630 787 660 causa
818 624 907 660 erat
944 630 1017 660 eur
1049 617 1102 660 ad
1134 617 1286 672 στέγος
1321 619 1456 674 potins
1484 618 1708 662 referretur

232 699 355 742 quam
384 685 438 728 ad
469 683 626 739 στέγω,
657 686 804 741 quippe
835 684 1106 727 substantiam
1134 683 1397 738 significans,
1435 685 1545 742 quod
1573 681 1713 741 genus⁴

234 753 442 796 nominum
470 752 640 806 gravari
669 751 806 794 solere
837 750 1045 794 Arcadius
1075 752 1166 806 ipse
1197 749 1434 795 observavit
1458 765 1496 810 p.
1525 752 1620 795 106.
1651 750 1706 796 τὰ

232 819 297 873 εἰς
335 812 392 877 (ἶῆ
427 818 614 877 λήγοντα
654 817 805 874 ἔχοντα
841 820 918 878 τὴν
956 819 1045 878 πρὸ
1085 819 1238 870 τέλους
1274 823 1505 876 βραχεῖαν,
1547 819 1589 866 εἶ
1626 821 1708 876 μὲν

234 885 388 932 οὐσίαν
427 885 653 943 σημαίνει,
690 883 949 942 βαρύνεται,
988 885 1123 942 πέδη,
1162 885 1284 942 σῖδη,
1324 885 1535 945 κνίδηυ)
1575 885 1616 931 εἶ
1658 887 1706 932 δὲ

233 954 344 997 κατὰ
374 951 635 1010 πράγματος
663 950 894 1001 τάσσοιτο,
925 949 1139 1005 ὀξύνεται,
1169 950 1333 1010 φραὸή,
1363 952 1535 1012 κομιδή,
1563 951 1704 1011 χλιόή.

233 1020 438 1072 Quoniam
467 1032 566 1062 vero
599 1020 774 1062 actionis
803 1018 1014 1062 vocabula
1043 1019 1189 1062 eadem
1221 1019 1414 1063 verbalia
1454 1027 1567 1072 sunt,
1606 1028 1706 1064 cot]m

231 1088 416 1143 sequitur
442 1093 485 1128 ut
509 1085 614 1128 haec
644 1086 790 1129 eodem
818 1092 1004 1141 vergant,
1030 1085 1073 1128 id
1104 1086 1212 1141 quod
1235 1087 1279 1128 in
1305 1099 1386 1129 uno
1416 1087 1594 1143 quodam
1626 1100 1701 1142 ge-

230 1169 330 1198 nere
370 1154 703 1211 animadversum
746 1161 809 1197 est
852 1168 879 1198 a
918 1153 1062 1198 Schol.
1091 1154 1138 1198 Il.
1168 1153 1259 1197 XV.
1291 1155 1385 1199 709.
1430 1155 1487 1199 τὰ
1526 1154 1591 1208 εἷς
1625 1146 1701 1211 Tm}

230 1220 419 1279 λήγοντα
448 1222 572 1279 φιλεῖ
605 1218 882 1276 βαρύνεσθαι
915 1218 1060 1277 ἓλίκη,
1104 1220 1247 1278 ἕρίκη,
1286 1221 1474 1279 μυρίκη,
1510 1222 1704 1280 φοινίκη.

236 1288 298 1332 Τὸ
335 1288 485 1342 μέντοι
520 1284 622 1343 ἆϊκή
665 1283 924 1344 ὦξυτονήθη
962 1284 1071 1338 ἴσως
1109 1287 1180 1331 ὅτι
1221 1287 1461 1345 ῥηματικὸν
1498 1285 1701 1345 ὑπῆρχεν,

229 1362 272 1398 et
299 1353 395 1396 EM.
423 1353 491 1404 95,
518 1353 587 1396 50.
627 1352 675 1396 τὸ
713 1350 876 1409 ἀνάγκη
908 1350 947 1397 εἶ
977 1348 1029 1411 ἦν
1058 1349 1150 1397 ἀπὸ
1186 1352 1384 1412 ῥήματος
1419 1357 1499 1398 τοῦ
1527 1352 1702 1398 ἇνάσσω

233 1416 525 1473 ὂξύνοιτο-ἷὶν
564 1417 623 1471 ὡς
663 1418 852 1473 στενάχω
893 1416 1087 1477 στεναχή.
1109 1423 1176 1471 ²³)
1234 1418 1350 1463 Haec
1388 1434 1440 1464 ex
1477 1419 1706 1465 Herodiani.

230 1487 380 1530 schola
408 1499 604 1529 manasse
644 1493 814 1543 apparet
851 1500 902 1529 ex
932 1486 1016 1530 alio
1056 1486 1172 1537 loco,
1211 1499 1291 1543 quo
1329 1485 1505 1545 παταγή
1534 1488 1702 1543 gravari

224 1554 360 1609 jubet,
404 1554 503 1609 quia
536 1566 619 1595 non
654 1552 824 1596 verbale
864 1554 917 1595 sit
954 1559 996 1595 ut
1034 1550 1235 1611 ἆλαλαγή
1273 1553 1348 1596 sed
1385 1566 1642 1610 paronymon
1678 1567 1704 1597 a

231 1617 432 1675 πάταγος
463 1632 501 1663 v.
530 1618 725 1674 Prolegg.
754 1633 792 1676 p.
825 1618 890 1660 15.
921 1632 995 1675 pro
1026 1632 1106 1675 qno
1135 1621 1198 1662 sic
1225 1621 1361 1677 potins
1401 1620 1482 1663 dici
1512 1622 1702 1679 oportuit,

230 1699 379 1729 nomen
409 1686 637 1728 acuendum
663 1699 759 1728 esse
791 1687 828 1728 si
854 1687 1050 1742 crepitum
1073 1686 1288 1741 significet,
1319 1686 1575 1742 gravandum
1602 1699 1702 1730 vero

230 1755 269 1795 si
299 1753 614 1808 crepitaculum3
652 1767 747 1795 nam
782 1752 1013 1796 verbalium
1053 1766 1213 1809 quoque
1245 1753 1448 1810 permulta
1479 1759 1703 1809 gravantur

232 1820 270 1862 si
301 1818 353 1861 ab
384 1820 546 1862 actione
577 1820 878 1863 transferuntur
915 1820 968 1863 ad
998 1819 1270 1863 substantiam
1301 1826 1342 1862 ut
1370 1817 1514 1876 πάγη,
1553 1817 1702 1878 κρόκη,

231 1884 373 1940 φόβη,
414 1882 605 1942 ἂμόργη,
642 1886 794 1942 στέγη,
836 1886 978 1943 σκέπη
1016 1893 1092 1929 etc.
1150 1885 1268 1929 Hanc
1305 1899 1385 1942 ego
1420 1899 1503 1930 non
1538 1889 1702 1930 unicam

230 1951 395 2006 quidem
428 1965 523 1993 esse
557 1952 735 1995 arbitror
765 1953 957 1995 diversae
987 1955 1210 1995 notationis
1241 1965 1412 1995 causam
1437 1953 1514 1996 sed
1538 1956 1703 2008 gravis-

231 2019 400 2066 simam,
439 2030 571 2072 neque
613 2019 767 2061 accedo
798 2017 1036 2060 Herodiano
1076 2020 1119 2060 in
1155 2018 1396 2061 charactere
1426 2021 1516 2063 sive
1554 2033 1722 2072 conse&

230 2084 398 2139 quentia
435 2082 648 2126 literarum
678 2084 918 2141 scrupulose
949 2084 1157 2135 haerenti,
1197 2083 1277 2127 hoc
1317 2085 1462 2128 modo:
1500 2085 1556 2129 τὰ
1589 2086 1718 2138 μετὰἶ

228 2149 467 2209 συμφώνου
498 2151 739 2207 δισύλλαβα
778 2149 979 2203 ὀξύνεται
1007 2155 1069 2210 τῷ
1092 2144 1137 2196 ’ὅ
1157 2150 1524 2210 παραληγόμενα,
1562 2151 1605 2197 εἶ
1633 2148 1703 2210 γὲᾸ

225 2237 345 2263 νοιτο
363 2217 452 2263 ἀπὸ
474 2219 708 2277 ῥηγμάτων
727 2224 788 2278 τῷ
812 2212 849 2264 ἶ
868 2221 1244 2285 παραληγομένων
1259 2219 1380 2278 μόνῳ
1401 2215 1496 2266 οἷον
1513 2220 1703 2286 στροφήξ

227 2287 369 2347 ῥοπή,
406 2286 537 2345 ὁλκή,
578 2286 725 2346 φορβή
744 2302 754 2311 ·
793 2290 1054 2347 προςέθηκα
1083 2292 1144 2347 τῷ
1179 2306 1201 2333 ε
1230 2291 1450 2347 παραληγ.
1478 2288 1599 2348 μόνῳ
1629 2290 1720 2334 ἵνά

227 2354 403 2413 ἐκφύγω
450 2355 500 2398 τὸ
541 2353 725 2413 πόρπη·
763 2358 894 2399 τοῦτο
926 2354 1009 2412 γὰρ
1050 2355 1176 2413 παρὰ
1213 2355 1263 2400 τὸ
1295 2354 1452 2414 πείρω.
1509 2356 1566 2400 At
1593 2356 1701 2400 hanc

319 2512 380 2557 22)
413 2513 455 2548 ld
480 2514 547 2548 nisi
571 2515 710 2560 putavit
738 2515 884 2551 licentia
906 2515 1050 2561 poetica
1075 2514 1226 2560 produci
1247 2514 1312 2550 sed
1335 2519 1462 2549 natura
1486 2515 1562 2549 iota
1586 2515 1700 2564 breve

227 2570 362 2605 habere
387 2574 426 2604 ut
452 2573 555 2611 κνίζω
583 2577 620 2606 et
642 2572 763 2616 κνίὸα,
791 2569 1015 2607 'scribendum
1041 2576 1098 2605 est
1118 2569 1244 2619 κράδῃ.

318 2636 379 2680 23)
410 2635 566 2683 Ἀνάγκη
600 2639 678 2674 sive
710 2639 756 2674 ab
786 2637 934 2675 ἀνάσσω
968 2638 1167 2673 derivatum
1200 2643 1255 2673 est
1289 2638 1369 2673 sive
1402 2643 1439 2673 ut
1460 2637 1700 2674 Buttmannus‘

230 2692 336 2726 sumit
363 2692 518 2732 Gramm.
546 2694 588 2730 Τ.
612 2694 655 2731 11.
682 2694 762 2732 314.
787 2695 834 2731 ab
862 2692 987 2741 ἄγχω,
1013 2706 1091 2730 cum
1115 2692 1480 2741 onvafflj=discrepat
1501 2695 1700 2731 mutatione

231 2759 424 2784 consonae.
