1728 3120
237 181 331 228 *154
675 173 1144 218 DlSSERTATlo
1190 175 1274 218 Vll.

233 290 464 343 πολέμοιο.
488 290 528 339 ³)
585 287 700 329 Haec
731 286 998 331 Grammatici
1041 289 1145 331 satis
1175 287 1290 330 clare
1321 293 1524 344 exponunt
1551 288 1618 332 sol

233 369 311 412 que
337 354 415 397 hoc
445 355 589 409 quaeri
612 360 747 409 potest
774 361 907 397 utrum
935 368 1056 397 unum
1076 367 1171 398 esse
1200 355 1417 397 statuerint
1446 353 1504 398 ἕω
1534 361 1575 397 et
1605 353 1652 410 ἕη

233 435 299 471 an,
329 420 438 476 quod
452 418 548 462 EM.
578 419 796 474 significat,
828 419 885 464 ἕω
906 434 957 464 ex
980 416 1046 464 δέω
1075 434 1319 464 conversum
1337 421 1567 478 putaverint
1584 422 1673 478 eiq'

232 487 578 542 significationem
618 486 798 528 satiandi
848 489 1057 544 propriam
1101 502 1184 531 non
1227 487 1450 531 tanslatam
1491 486 1658 531 tribueri

232 554 426 596 commoti
440 552 621 595 sortasse
638 566 688 596 eo
705 553 814 609 quod
829 555 872 596 in
883 553 1056 597 Hesiodi
1070 554 1165 598 loco
1182 554 1414 612 complures
1427 553 1523 598 libri
1542 549 1656 597 ἔσαν

230 620 445 677 praebent.
503 619 590 662 Nos
620 619 726 663 haec
754 633 838 663 non
865 620 1015 664 diutius
1053 628 1263 665 morantur
1292 623 1392 678 quia
1418 634 1503 665 non
1529 619 1661 665 efficio

235 687 441 743 duplicem
476 687 710 742 praesentis
741 687 917 729 formam
948 686 1006 730 ἕω,
1038 695 1077 730 et
1109 686 1197 732 ἑάω
1227 690 1270 731 in
1307 700 1387 731 usu
1413 687 1558 730 fuisse.
1615 685 1662 729 N.

233 757 368 796 minus
398 754 533 796 fictum
561 752 723 795 videtur
754 750 1062 810 ἑψίω-ἑψιῶ
1093 751 1296 810 ἑψιιῦμαι
1316 752 1414 797 ΕΜ.
1432 752 1678 808 Λελιημέν,

231 819 472 863 Eustathius
502 834 539 876 p.
564 819 686 870 1090,
716 819 756 862 S.
787 832 878 862 cum
906 821 1065 874 μειὸιιῦ
1095 827 1135 863 et
1165 822 1368 878 κατηφιῶ
1396 819 1606 864 contendit
1635 832 1666 862 s«

233 901 434 943 praesens
465 889 598 943 ipsum
627 888 819 928 usitatum
858 900 954 930 esse
993 893 1119 942 negat
1152 901 1191 944 p.
1221 887 1325 938 722,
1355 887 1423 930 57.
1462 885 1686 942 τετιημένη

235 951 327 998 ἀπὸ
370 957 449 997 τοῦ
488 956 568 996 τιῶ
609 949 827 1010 ἀχρήστου
868 949 929 1004 (ὃς
967 951 1148 1010 παιήσω
1188 953 1262 997 καὶ
1300 953 1567 1009 λελιημένος.
1624 949 1663 994 Ν

236 1028 353 1064 certa
390 1027 453 1063 est
493 1021 696 1076 scriptura
724 1032 871 1062 versus
900 1018 1163 1076 Epicharmei
1198 1022 1261 1077 τῷ
1293 1021 1423 1063 λῶντι
1459 1017 1534 1062 καὶ
1562 1019 1624 1075 τῷ
1649 1033 1682 1072 μ

236 1088 399 1136 λιιῦντι,
433 1099 554 1142 quem
580 1088 697 1130 varie
728 1087 939 1141 corrigunt
958 1085 1198 1129 Meinekius
1228 1088 1272 1129 in
1291 1086 1545 1141 Programm.
1568 1083 1680 1128 Scho

237 1155 335 1197 anni
366 1153 488 1196 1843.
517 1167 555 1209 p.
585 1153 653 1195 20.
693 1158 735 1195 et
763 1152 927 1195 Ahrens
957 1151 1070 1195 Dial.
1102 1151 1202 1197 Dor.
1225 1152 1322 1196 343.
1380 1150 1467 1195 Sed
1497 1152 1670 1207 conjunc

238 1234 330 1264 cum
359 1221 588 1276 participiis
619 1219 704 1261 illis
736 1219 952 1262 defectivis
981 1217 1112 1275 Epim.
1135 1219 1270 1262 Cram.
1286 1218 1318 1261 Ι.
1343 1218 1443 1262 401.
1472 1217 1592 1262 affert
1615 1214 1674 1274 ψί

234 1285 375 1344 ψιάω,
408 1288 523 1342 cujus
553 1285 774 1329 infinitivus
806 1298 902 1328 esse
928 1286 1090 1329 videtur
1115 1287 1283 1343 ψιῆσαι
1311 1284 1361 1328 τὸ
1390 1282 1674 1342 ψωμίσαιΗο

235 1355 429 1410 primitivi
460 1367 559 1396 vero
592 1354 853 1410 participium
875 1350 1127 1408 Ἔμψίουσα
1161 1351 1379 1408 ἕρέγματα
1408 1351 1609 1402 διδοῦσα,
1637 1351 1698 1407 pl'

238 1434 319 1477 quo
359 1418 586 1476 ἐμψιοῦσα
626 1420 776 1462 editum
817 1426 880 1462 est
916 1420 1038 1475 quasi
1075 1418 1246 1474 verbum
1276 1418 1394 1474 ψιέω
1434 1417 1568 1461 fuerit.
1624 1415 1688 1461 He

237 1489 366 1542 igitur
394 1494 434 1529 et
462 1486 557 1529 huic
587 1486 743 1528 similia
769 1483 867 1539 μύω
896 1483 1037 1538 μιύαω,
1066 1483 1172 1539 χλίω
1197 1482 1337 1538 χλιάω
1367 1491 1483 1528 certa
1518 1490 1612 1527 sunt
1641 1483 1692 1527 hc

238 1554 482 1608 terozygiae
503 1554 546 1594 in
567 1552 646 1595 hoc
665 1565 820 1608 genere
850 1551 1068 1594 verborum
1098 1551 1288 1609 exempla
1305 1551 1381 1594 sed
1401 1551 1548 1595 eadem
1577 1552 1703 1594 unica

237 1633 336 1663 nam
365 1617 484 1675 γοάω
516 1619 682 1661 dubium
702 1624 765 1660 est
793 1624 926 1661 utrum
946 1631 972 1661 a
1001 1615 1090 1674 γόω
1117 1618 1346 1661 derivatum
1369 1619 1423 1661 sit
1452 1630 1507 1661 an
1539 1630 1565 1660 a
1593 1615 1700 1673 γόος

237 1689 459 1733 Diversum
485 1687 552 1731 his
584 1700 716 1743 genus
748 1694 812 1730 est
832 1687 1066 1731 nominihus
1096 1689 1139 1730 in
1161 1677 1210 1738 ἶξ
1239 1686 1482 1731 exeuntibus
1509 1686 1647 1731 adnex

237 1754 379 1810 μηνίω
412 1752 606 1812 μηνιάω,
634 1753 807 1808 μαστίω
836 1752 1065 1807 μαστιάω,
1093 1752 1237 1810 μητίω
1261 1753 1527 1810 μητιοὶομαι,
1564 1751 1668 1810 δηρί

239 1839 324 1877 μαι
346 1820 602 1879 δηριάομαι.
620 1824 660 1874 ⁴)
692 1819 871 1877 Saepius
886 1820 1017 1864 verba
1034 1834 1117 1864 non
1137 1833 1242 1877 pura
1265 1818 1345 1864 huc
1362 1820 1554 1876 migrant,
1585 1817 1676 1877 φύρ
1700 1864 1711 1879 3

240 1887 414 1945 φυράω,
445 1886 566 1942 μύζω
595 1885 760 1942 μυζάω,
789 1886 919 1943 ψύχω
948 1884 1107 1943 ψυχάω
1137 1888 1236 1939 (nisi
1264 1886 1318 1930 ad
1345 1887 1490 1944 ’ψῦχος
1515 1898 1690 1930 revocat

239 1955 358 2006 libet)
398 1951 540 2010 πείρω
574 1951 767 2010 πειράω,
809 1953 917 2008 quod
943 1952 1181 2009 Pamphilus
1221 1954 1388 2010 scripsit
1423 1955 1467 1996 iu
1504 1952 1689 1997 homerio

239 2021 336 2064 loco
366 2033 439 2076 pro
463 2017 635 2072 κύματα
665 2019 845 2075 πείρων,
877 2032 1102 2062 assensore
1123 2019 1251 2070 millo,
1281 2017 1431 2073 δάμνω
1459 2021 1517 2073 (si
1540 2020 1583 2062 id
1612 2019 1692 2062 sati

239 2087 455 2145 probatum
487 2087 567 2137 est)
599 2082 792 2138 δαμνάω,
824 2083 962 2128 πίτνω
996 2082 1275 2138 (πετάννυμι)
1305 2082 1497 2134 πιτνάω,
1529 2081 1696 2138 ἔντομα

242 2151 399 2201 ἇντάω,
429 2152 634 2204 πέτομαι,
666 2149 817 2194 πετάω
843 2158 884 2194 et
913 2149 1136 2204 πετάομαι
1167 2165 1205 2194 v.
1231 2151 1283 2194 ad
1299 2150 1563 2207 Phryn.5⁶31.
1594 2149 1716 2194 Wes-

242 2219 393 2275 seling.
427 2218 480 2261 ad
508 2216 628 2260 Diod.
648 2216 715 2258 IV.
745 2217 813 2260 77.
855 2215 1114 2271 μοιμύλλειν
1156 2217 1230 2261 καὶ
1255 2218 1504 2275 μοιμυλλᾷν
1530 2216 1634 2260 Poll.
1664 2214 1714 2259 ll.

241 2286 309 2329 90.
339 2298 414 2342 pro
446 2297 526 2341 quo
557 2284 637 2326 duo
668 2283 786 2327 codd.
816 2285 1010 2342 μοιμυᾷν
1037 2283 1258 2341 praebent3
1297 2284 1335 2327 si
1362 2283 1583 2342 μοιμυλᾷν
1612 2283 1716 2327 scri-

335 2455 373 2499 3)
409 2454 650 2500 Goettlingius
673 2454 719 2490 de
744 2454 827 2490 Acc.
852 2454 907 2490 79.
935 2455 1041 2489 sumit
1064 2454 1212 2489 verbum
1230 2453 1340 2490 fuisse
1363 2452 1410 2489 ἕω
1435 2458 1472 2488 et
1494 2451 1597 2498 hujus
1622 2452 1716 2488 aori

244 2521 338 2550 stum
370 2514 554 2559 passivum
582 2513 646 2558 ἓην
676 2519 715 2548 ut
747 2511 904 2568 {mimn-
914 2512 1066 2558 Epsilon
1094 2517 1213 2547 tamen
1243 2517 1328 2548 aute
1359 2511 1647 2548 terminationem
1670 2523 1716 2556 ην

246 2584 317 2607 ηοη
341 2572 520 2618 ι’·θρειίῑυι·
543 2573 609 2607 sed
631 2573 739 2607 modo
765 2586 788 2607 α
817 2578 853 2608 et
876 2586 898 2606 υ
921 2569 1049 2615 ἐδάην,
1076 2567 1218 2619 ἒρῥὺην.

337 2639 374 2682 4)
411 2639 550 2674 Eadem
574 2640 812 2704 proportione
835 2651 913 2675 cum
930 2637 1049 2674 Οὐλίει
1039 2651 1074 2674 ιν
1096 2636 1325 2683 conjunctum
1350 2642 1406 2672 est
1421 2636 1603 2673 Οὖλιᾶσθε
1629 2633 1728 2692 ἔνη-ζ

247 2708 280 2728 οι
271 2709 306 2730 ιν
338 2696 436 2740 ἔχειε
460 2696 548 2731 Hes.
577 2696 642 2730 nisi
674 2702 712 2731 ut
736 2695 976 2732 Buttmannus
1002 2694 1158 2731 Gramm.
1175 2693 1220 2730 11.
1238 2693 1318 2729 257.
1344 2693 1540 2740 probemus
1563 2692 1728 2732 Alba-tis

244 2751 531 2788 emendationem
556 2749 727 2789 οὔνασθε.
1666 2744 1728 2777 ⁵

1691 2789 1728 2846 it*
