1728 3120
235 189 333 234 304
641 179 1102 224 DISSERTATIO
1144 181 1292 225 XVIII.

232 311 271 340 v.
287 294 414 337 Proll.
430 292 523 335 155.
558 290 746 347 Denique
761 293 940 335 nominis
955 291 1141 348 φάρσος,
1162 294 1272 350 quod
1285 293 1517 351 Hesychius
1533 296 1698 355 τρύφος·

231 365 541 416 interpretatur,
578 359 822 413 primitivum
861 371 1066 414 quaerens
1097 358 1268 403 Guietus
1298 360 1352 403 ad
1380 360 1512 420 θράὼ
1539 359 1721 422 θραύωι

233 428 394 471 delatus
424 431 505 474 est,
538 437 564 467 a
593 437 672 480 quo
705 437 788 466 non
815 425 982 467 multum
1013 425 1178 468 aberrat
1215 422 1397 483 ῥήγνυμι
1426 434 1466 471 et
1494 429 1698 473 aeolicum

236 494 393 551 Ρρῆξις
434 491 616 534 fractura
655 490 810 545 fragor.
875 491 1025 534 Verum
1067 491 1135 534 hic
1175 491 1262 534 alia
1299 506 1351 536 ex
1392 493 1480 537 alia
1516 498 1698 553 suspicio

230 562 416 604 nectitur.
483 556 588 599 Nam
629 555 862 611 Hesychius
904 558 1058 614 profert
1103 557 1272 601 verbum
1315 556 1465 617 Φάραι
1499 557 1699 619 ὑφαίνειν

231 627 421 677 πλέκειν,
449 637 523 681 pro
554 636 633 679 quo
661 636 783 679 quum
814 630 852 666 et
872 626 1016 680 φᾶραι
1045 623 1235 667 substitui
1259 626 1391 682 possit
1418 632 1458 670 et
1476 629 1698 685 φαριὸσαι,

229 703 367 738 tamen
397 698 590 735 accentus
620 690 731 732 ducit
755 690 806 733 ad
826 689 998 748 φάρσαι
1028 689 1274 733 defectivum
1292 692 1468 748 quidem,
1497 695 1699 752 cuiprae-

230 759 435 816 figendum
470 765 532 800 est
561 770 762 814 praesens
794 753 925 814 φάρω
933 762 1038 820 A
1039 754 1135 798 huic
1162 756 1349 799 vicissim
1385 753 1500 816 δέρω,
1542 759 1697 804 thema·

227 832 353 873 ticum
380 834 614 882 utrumque3
655 839 830 882 namque
859 826 903 867 in
933 840 1026 881 αρω
1055 824 1224 867 verbum
1262 826 1345 868 exit
1384 826 1552 871 nullum.
1609 828 1698 874 Hoc

230 903 364 940 autem
394 895 498 937 duas
525 892 741 949 complecti
770 891 933 934 videtur
962 890 1288 946 significationes
1318 892 1465 936 arandi
1493 895 1583 938 sive
1612 896 1699 939 sul-

229 963 353 1007 candi
383 968 423 1004 et
450 959 637 1008 texendi,
679 971 851 1013 quarum
891 959 1140 1001 commercia
1176 963 1392 1014 patescunt
1419 972 1470 1002 ex
1507 961 1562 1004 iis
1591 975 1698 1018 quae

227 1033 271 1073 in
300 1026 509 1084 Aglaoph.
540 1025 591 1067 T.
619 1024 669 1067 II.
700 1024 798 1067 837.
839 1025 889 1066 de
921 1024 1186 1067 similitudine
1225 1025 1363 1080 operis
1401 1028 1566 1070 textorii
1605 1041 1697 1072 cum

228 1110 332 1152 agro
363 1092 624 1138 cancellatim
656 1091 816 1134 sulcato
837 1098 878 1133 et
906 1092 1034 1132 aratri
1065 1104 1154 1133 cum
1183 1090 1302 1134 radio
1322 1097 1478 1135 tramas
1508 1097 1697 1139 staminis

226 1166 489 1238 percurrente
519 1159 726 1214 disputata
752 1164 856 1199 sunt.
913 1155 1007 1198 Jam
1027 1156 1079 1198 ab
1111 1152 1206 1210 α’ρω
1234 1157 1458 1213 profectum
1480 1166 1544 1202 est
1572 1157 1696 1217 ἇρόω

226 1237 267 1273 et
297 1229 394 1271 hinc
423 1222 613 1281 ἄβρωμα
642 1224 802 1280 στολῆς
829 1221 1077 1278 γυναικείας
1106 1217 1224 1272 εἶδος
1249 1222 1347 1266 Hes.
1374 1223 1417 1266 id
1445 1231 1508 1267 est
1537 1229 1697 1281 φᾶρος,

227 1292 423 1374 αφάρω
463 1298 597 1334 autem
632 1285 828 1346 αφαρος,
873 1286 1104 1345 βούφαρος
1142 1295 1182 1331 et
1219 1289 1425 1333 neutralia
1461 1293 1609 1348 φᾶρος
1645 1292 1696 1337 τὸ

226 1359 401 1416 ἱμάτιον
431 1365 470 1401 et
511 1355 657 1413 φάρος
689 1354 737 1398 τὸ
771 1350 960 1411 ἄροτρον
987 1368 1025 1397 v.
1055 1353 1182 1397 Proll.
1209 1355 1276 1398 62.
1308 1356 1530 1414 additoque
1560 1360 1697 1414 sigma

226 1425 422 1485 φάρσος,
458 1425 636 1473 lacinia,
671 1434 766 1464 nam
802 1427 842 1463 et
873 1420 953 1463 hoc
989 1422 1176 1472 nomine,
1215 1422 1324 1478 quod
1363 1436 1454 1466 cum
1490 1424 1616 1475 λακίς
1656 1432 1697 1469 et

226 1491 362 1543 λάκος
391 1491 440 1534 τὸ
474 1488 615 1549 ῥάκος
644 1500 870 1532 connexum
901 1493 982 1536 est,
1012 1485 1153 1529 Latini
1180 1500 1262 1530 non
1293 1487 1426 1532 solum
1461 1491 1589 1534 vestis
1621 1491 1697 1535 sed

225 1562 350 1603 etiam
381 1559 474 1613 agri
511 1560 764 1610 segmentum
806 1552 1028 1609 appellant.
1086 1552 1236 1597 Verum
1265 1554 1334 1598 hic
1370 1563 1592 1600 renovatur
1617 1558 1697 1602 illa

225 1627 275 1669 de
308 1625 510 1680 adjectivo
542 1618 719 1679 ὂῖφαρος
748 1619 961 1670 dubitatio,
992 1620 1101 1676 quod
1119 1622 1186 1676 qui
1218 1616 1376 1676 ἄγονον
1404 1623 1492 1666 sive
1522 1619 1696 1681 δίφορον

223 1691 479 1749 interpretati
509 1695 614 1738 sunt,
645 1701 736 1730 cum
765 1687 907 1730 dorico
936 1683 1068 1743 φάρω
1098 1686 1141 1729 id
1170 1693 1234 1729 est
1262 1686 1385 1744 φέρω
1409 1689 1591 1744 junctum
1620 1704 1696 1747 pu-

221 1765 371 1808 tarunt,
400 1757 507 1799 unde
542 1755 707 1813 φέρσαι
735 1751 785 1796 τὸ
815 1754 1017 1808 γεννῆσαι
1035 1751 1244 1796 Heraclid.
1264 1753 1406 1809 Alleg.
1425 1753 1574 1798 LXVI.
1599 1757 1693 1800 199.

223 1824 311 1868 Sed
349 1824 529 1866 indidem
569 1823 694 1864 etiam
734 1822 880 1877 φᾶρος
921 1820 1053 1875 repeti
1089 1833 1214 1876 posse
1252 1820 1541 1877 comprobatur
1574 1822 1695 1866 latini

223 1892 427 1934 sermonis
449 1888 743 1933 consuetudine
774 1892 812 1929 et
842 1886 993 1935 nostri;
1022 1898 1118 1928 nam
1142 1887 1271 1929 vestis
1297 1888 1518 1945 praecipue
1546 1884 1695 1932 dicitur

220 1966 427 2012 gestamen
456 1963 495 1999 et
529 1956 565 1997 T
563 1957 691 1997 rac-ht.
750 1951 800 1994 Et
830 1954 898 2007 qui
929 1953 1159 1995 meminerit
1186 1954 1466 2008 germanicum
1498 1953 1693 1998 Getraide

221 2024 450 2066 derivatum
478 2034 573 2063 esse
608 2032 634 2061 a
660 2017 788 2060 verbo
820 2024 965 2069 traqen
993 2031 1074 2060 non
1103 2019 1350 2073 repugnabit
1381 2022 1596 2074 quominus
1615 2035 1692 2065 no-

172 2118 177 2122 ·
219 2103 314 2132 men
341 2091 412 2144 far
441 2094 480 2130 et
513 2085 621 2142 quod
651 2083 760 2125 idem
790 2081 998 2136 significat
1027 2079 1053 2139 ἦ
1085 2081 1232 2139 φάρος
1262 2097 1288 2126 a
1318 2085 1442 2142 φέρω
1471 2099 1688 2131 arcessere

218 2156 356 2199 liceat.
379 2156 447 2207 2⁴)
503 2151 597 2195 Non
623 2151 726 2192 satis
762 2147 984 2204 explanata
1012 2154 1075 2191 est
1102 2147 1301 2204 Hesychii
1329 2150 1478 2205 glossa
1514 2150 1690 2208 Φόρβια

218 2220 457 2280 φάρμακα,
499 2216 543 2261 οὶ
572 2216 620 2260 δὲ
650 2214 826 2272 φόρβα,
866 2214 942 2257 sed
973 2227 1123 2257 nomen
1151 2213 1408 2272 φάρμακον,
1439 2218 1546 2274 quod
1579 2218 1688 2261 idem

219 2296 259 2331 et
294 2288 367 2330 alii
406 2282 594 2340 βοτάνην
628 2284 963 2337 interpretantur,
997 2293 1146 2324 vereor
1179 2289 1222 2324 ut
1258 2282 1343 2325 alio
1376 2283 1522 2327 referri
1557 2287 1690 2341 possit

219 2367 342 2410 quam
373 2352 425 2395 ad
444 2351 567 2407 φέρω
587 2356 627 2392 et
652 2348 818 2405 φέρβω,
848 2348 915 2390 cui
931 2347 1027 2389 beta
1053 2349 1248 2389 insertum
1276 2347 1374 2391 dicit
1395 2348 1489 2392 EM.
1505 2349 1601 2401 204,
1618 2350 1687 2393 32.

217 2429 258 2465 et
287 2421 433 2465 eodem
472 2418 593 2462 modo
632 2415 757 2474 παρὰ
786 2415 835 2459 τὸ
874 2413 1004 2471 τείρω
1040 2415 1202 2471 τάρβος
1240 2418 1508 2475 πλεονασμῷ
1543 2434 1621 2462 του
1659 2423 1689 2474 β

219 2487 317 2532 Sch.
347 2487 395 2529 Il
424 2483 578 2528 XXIV.
599 2484 692 2526 152.
723 2482 964 2539 pleniusque
993 2479 1089 2523 EM.
1109 2480 1203 2532 746,
1232 2483 1302 2524 25.
1333 2481 1452 2540 τρισὶ
1477 2499 1688 2541 παραγω-

217 2557 316 2610 γαῖς
342 2551 365 2597 ὁ
387 2549 662 2609 ίΗρωὸιανός
685 2551 816 2593 τοῦτο
838 2546 1032 2601 ὑπέλαβε
1049 2560 1058 2568 ·
1087 2563 1265 2603 πρωτον
1290 2545 1339 2590 ἐκ
1367 2550 1447 2591 τοῦ
1465 2549 1686 2606 ταράσσω,

309 2696 368 2739 24)
410 2694 459 2731 Τὸ
487 2697 562 2743 φῆρ
595 2693 732 2729 Anecd.
766 2670 885 2728 Bekk.
913 2692 1010 2728 1159.
1046 2691 1204 2727 sortasse
1240 2691 1326 2726 nihil
1359 2692 1458 2727 aliud
1489 2697 1545 2728 est
1579 2703 1684 2737 quam
1727 2695 1728 2698 ’

217 2755 334 2800 φῆρος
357 2753 431 2795 far,
457 2752 503 2786 de
525 2762 596 2796 quo
625 2750 697 2784 dixi
722 2749 892 2794 Prolegg.
918 2747 974 2783 62.
