1728 3120
239 186 337 232 354
585 176 851 222 ADDENDA
893 176 967 220 ET-
1007 176 1376 223 GORRIGENDA.

411 318 419 326 .
441 290 497 325 24.
522 290 616 325 adde
640 288 839 337 φράζονται
863 300 930 335 pro
957 291 1104 336 λέγουσι
1125 288 1207 326 Nic.
1236 289 1342 326 Ther.
1366 289 1447 326 491.

411 374 419 382 .
445 345 500 380 26.
526 348 631 391 λέχος
654 343 755 394 παρὰ
781 344 820 381 τὸ
850 347 941 391 λέχω
971 344 1010 381 τὸ
1034 348 1221 393 κοιμῶμαι
1244 344 1364 392 Etym.
1387 345 1480 384 Gud.
1502 345 1583 392 ³67,
1609 346 1665 382 35.

398 402 422 437 l.
446 401 501 436 30.
530 413 565 437 v.
590 401 728 438 Ranck.
753 402 799 436 ad
823 401 910 436 Hes.
936 402 1035 438 Scut.
1062 413 1097 447 v.
1125 400 1200 436 160.

399 459 423 494 l.
449 457 506 493 22.
531 468 598 503 pro
627 460 693 504 φίξ
721 469 790 493 scr.
817 460 893 502 ψίξ.
1068 446 1083 459 ⁸

397 515 420 550 Ι.
446 515 478 549 4.
506 519 590 560 post
612 518 729 559 τεῖχος
753 514 846 548 adde
868 524 981 560 paro·
1291 554 1294 555 ⁷
1332 554 1334 556 v
1399 554 1403 556 ,

403 570 425 605 l.
451 570 484 605 3.
508 569 657 615 proprie
682 570 772 604 dixit
795 569 1010 614 Apollonius
1034 567 1100 603 lv.
1124 568 1200 604 510.
1229 568 1470 617 σμερδαλέαις
1492 568 1714 618 ἇστεροπῇοἰ

377 616 415 651 id
440 622 496 651 est
519 613 770 662 ἀμαυρούσαις
798 615 860 654 τὰς
893 610 1005 658 ὄψεις.
1060 613 1109 650 Τὸ
1140 613 1212 661 γὰρ
1236 613 1409 662 λαμπρὸν
1433 649 1436 651 Α
1461 613 1532 655 οἶος
1565 629 1714 663 μαραυ-

379 665 468 707 γίαν
490 665 698 708 περιτίθησι
714 664 788 699 τοῖς
806 659 1017 707 ὀφθαλμοῖς
1035 659 1303 705 Ατοὴγῐ.,8101).
1317 628 1471 696 δεταιῗ.
1483 660 1517 695 8.
1529 671 1562 706 p.
1577 661 1634 704 47,
1658 660 1711 695 19.

243 718 292 754 P.
319 717 374 754 76.
399 722 478 753 not.
507 716 599 752 echii
624 717 770 762 plantae
794 716 985 760 capitulum
1002 715 1188 750 Nicander
1205 715 1313 750 Ther.
1331 715 1410 752 642.
1437 714 1625 764 σφεδανόν
1650 727 1713 751 vo-

380 769 449 807 cat,
475 762 574 807 quod
600 762 723 798 Schol.
750 759 931 807 σφιγκτόν
955 761 1113 806 explicat
1135 761 1171 795 id
1195 766 1251 796 est
1274 772 1460 807 pressum,
1493 761 1713 797 adstrictum.

243 824 293 861 P.
321 825 376 860 78.
401 825 423 859 l.
453 824 506 859 10.
537 836 603 871 pro
634 826 684 863 εἰς
707 821 745 858 τὸ
775 812 806 858 ἶ
827 832 897 857 scr.
922 822 972 860 εἰς
999 819 1037 857 τὸ
1061 812 1095 863 ’ξ

242 880 293 917 Ρ.
318 881 373 918 81.
402 881 425 917 l.
450 880 518 916 ult.
544 892 613 926 pro
637 876 738 927 φυγή
762 890 832 914 scr.
858 879 970 926 φυγῇ.

244 937 294 972 Ρ.
317 936 373 972 86.
401 936 425 972 l.
456 937 508 972 18.
533 942 616 982 post
640 937 756 977 κνυζῶ
783 935 873 971 tolle
892 938 1070 980 punctum.

243 992 291 1028 P.
318 993 376 1028 94.
401 993 423 1027 I.
453 993 505 1028 15.
534 1004 602 1037 pro
626 997 670 1028 ut
689 997 753 1038 κρῖ
773 1004 798 1027 α
822 989 930 1038 κριθή
954 991 1061 1026 scrib.
1090 995 1129 1025 ut
1152 987 1260 1036 κριθή
1289 1001 1312 1025 a
1336 994 1408 1038 κρῖ.

244 1048 293 1084 Ρ.
322 1048 397 1083 101.
423 1048 446 1083 Ι.
473 1048 504 1082 6.
533 1054 617 1082 ante
641 1045 808 1094 ποταμόν
832 1047 1000 1081 omissum
1025 1052 1079 1081 est
1103 1045 1285 1091 afferunt.

244 1104 292 1140 P.
320 1104 394 1139 107.
422 1104 445 1139 l.
470 1104 526 1139 29.
560 1104 774 1149 Apollonius
799 1102 861 1138 111.
887 1101 966 1138 322.
1001 1102 1046 1136 de
1079 1102 1282 1148 naufragis,
1315 1103 1374 1147 qui
1413 1100 1535 1138 tabula
1567 1096 1715 1148 arrepta

382 1155 544 1192 enatant,
570 1147 641 1184 ὑπὸ
666 1148 820 1196 δούρασι
842 1149 1060 1192 πεπτηῶτες.

245 1208 292 1244 Ρ.
320 1208 395 1244 117.
422 1213 500 1243 not.
529 1208 581 1243 16.
605 1215 690 1254 post
714 1207 821 1244 εὐλαί
839 1207 933 1242 adde
957 1205 1076 1242 αἰόλαι
1101 1214 1137 1242 et
1164 1218 1230 1253 pro
1251 1207 1330 1252 ΧΧ.
1349 1207 1382 1243 7.
1408 1218 1476 1244 scr.
1499 1206 1579 1242 XX.
1599 1206 1654 1242 27.
1672 1227 1712 1231 —·

382 1258 461 1288 not.
478 1253 530 1288 18.
557 1254 682 1288 confer
700 1254 870 1298 Apollon.
887 1251 946 1287 111.
960 1251 1038 1287 281.
1064 1253 1123 1287 ubi
1142 1252 1282 1299 Cupido
1298 1251 1469 1288 Medeam
1483 1251 1713 1298 jaculaturus

382 1299 449 1333 sub
472 1299 647 1333 Jasonem
672 1297 832 1342 subrepit
859 1295 925 1332 ὑπ’
954 1298 1134 1347 Αἰσονίδῃ
1158 1297 1260 1343 βαιὸς
1285 1299 1453 1338 ἐλυσθείς
1478 1303 1515 1333 et
1538 1297 1582 1333 H.
1607 1297 1652 1332 Η.
1678 1298 1713 1332 in

365 1343 500 1378 ·Merc.
526 1343 604 1379 239.
632 1343 689 1379 ubi
714 1342 918 1378 Mercurius
943 1342 1127 1387 parvulus,
1150 1349 1188 1378 ut
1214 1339 1416 1388 Apollinem
1439 1341 1554 1384 fallat,
1576 1342 1714 1378 ἀλέεινε

380 1389 398 1423 ἕ
415 1387 526 1424 αὐτὸν
547 1390 583 1428 ἐς
607 1389 646 1424 δ’
673 1388 800 1434 ὀλίγον
824 1379 1035 1428 audianos,
1062 1399 1129 1432 pro
1154 1399 1225 1434 quo
1251 1387 1320 1422 dici
1344 1392 1489 1434 poterat
1513 1390 1712 1432 συνείλησε.

245 1444 296 1481 Ρ.
327 1444 403 1480 122.
429 1445 453 1479 l.
477 1445 510 1479 9.
539 1456 607 1490 pro
631 1445 827 1480 factitivam
852 1454 923 1478 scr.
950 1444 1117 1480 activam.

245 1503 294 1540 P.
323 1503 397 1538 123.
424 1503 447 1537 l.
475 1502 528 1538 12.
553 1502 593 1537 In
620 1502 761 1537 Arcadii
785 1503 808 1538 l.
835 1513 866 1538 c.
895 1505 1134 1548 σεσημείωται
1159 1501 1197 1538 τὸ
1222 1492 1297 1538 ἶῖὧ
1322 1500 1608 1583 πὸὅισπώμενον
1630 1495 1714 1537 50ὶί-

319 1598 321 1600 *
382 1548 626 1638 ξξῐηᾱχιὲιλωοει
647 1551 758 1592 βυνῶ.
806 1547 889 1582 Lin.
914 1546 970 1582 27.
999 1558 1043 1582 ex
1070 1546 1186 1594 Etym.
1211 1547 1304 1583 Gud.
1322 1548 1345 1581 4
1392 1571 1403 1590 ,
1426 1547 1484 1582 88.
1513 1546 1714 1586 addendum

245 1648 295 1685 P.
321 1649 398 1684 129.
427 1648 450 1684 Ι.
477 1648 530 1684 13.
554 1660 623 1695 pro
651 1648 840 1694 ἑκλέμεναι
867 1659 937 1685 scr.
963 1649 1163 1694 ἑλκέμεναι.

244 1704 291 1740 P.
321 1705 396 1740 134.
421 1705 444 1741 l.
472 1705 524 1740 14.
549 1716 616 1750 pro
643 1705 739 1750 ἔργῳ
766 1716 836 1739 scr.
861 1705 969 1753 ἕγρω.

244 1760 293 1796 Ρ.
322 1761 397 1796 136.
427 1761 450 1796 I.
476 1762 508 1797 7.
535 1772 603 1807 pro
629 1760 807 1806 subjecta
834 1773 904 1797 scr.
930 1761 1138 1808 subjectae.

244 1816 291 1851 P.
320 1817 395 1852 137.
423 1817 445 1852 l.
469 1817 502 1851 3.
529 1822 612 1852 ante
639 1817 750 1852 ultim.
774 1823 858 1863 post
886 1817 1125 1854 Callimachi
1146 1817 1241 1852 adde
1264 1816 1404 1853 locum.
1449 1839 1452 1840 ν

245 1872 292 1907 Ρ.
320 1872 393 1908 148.
423 1872 447 1908 Ι.
470 1873 502 1907 5.
527 1873 621 1908 adde
646 1872 769 1908 Schol.
796 1872 836 1908 ll.
862 1873 908 1908 V.
935 1874 1012 1909 798.
1038 1877 1189 1919 ζητεῖται
1213 1871 1375 1920 πότε-ρον-
1393 1875 1510 1918 loycam
1532 1868 1553 1918 ἦ
1577 1874 1712 1918 ἴσχῶν’

383 1916 528 1964 εὕρηται
542 1917 614 1964 γὰρ
632 1920 774 1962 ἴσχηκα,
801 1929 871 1962 quo
891 1931 1063 1964 praesens
1082 1919 1361 1964 perispomenon
1377 1917 1518 1953 minime
1526 1918 1710 1964 probatur.

243 1972 292 2007 P.
320 1973 397 2008 155.
423 1978 502 2008 not.
527 1973 560 2007 6.
588 1973 664 2007 Hes
692 1973 759 2007 chii
786 1974 904 2008 locum
926 1973 1135 2009 Ὲλκανῶσα
1161 1975 1337 2020 ἑλκομένη
1370 1974 1435 2018 (sic
1460 1974 1553 2009 enim
1578 1973 1711 2009 editum

378 2019 452 2097 gs?
477 2016 650 2097 glomfiel
677 2019 731 2051 ius
756 2018 802 2052 ad
826 2018 988 2064 Choeph.
1010 2019 1088 2054 830.
1114 2019 1220 2054 aliter
1242 2019 1390 2064 corrigit
1423 2019 1627 2055 ἑλκανοῦσα
1652 2020 1712 2053 ἑ).-

241 2118 290 2154 Ρ.
318 2076 540 2153 1’ῑ“>6.οἰ.μ12.η
548 2129 616 2163 pro
638 2115 838 2164 μάσασθαιΔ
855 2130 923 2155 scr.
947 2121 1152 2165 μασᾶσθαι.

243 2176 290 2213 Ρ.
318 2178 393 2213 159.
422 2177 445 2212 l.
469 2176 525 2212 20.
550 2176 617 2211 Hic
637 2177 734 2222 quod
748 2177 821 2211 dixi
845 2177 890 2211 de
908 2178 1080 2213 derivatis
1104 2177 1284 2223 primitiva
1305 2177 1606 2222 praecedentibus
1627 2190 1713 2213 con-

378 2221 500 2257 firmat
524 2221 646 2257 Schol.
673 2222 717 2257 A.
743 2222 790 2255 ad
806 2221 846 2256 ll.
867 2222 964 2258 XVI.
981 2223 1060 2258 548.
1087 2221 1178 2258 κατὰ
1201 2224 1341 2278 κρῆθεν
1357 2221 1607 2270 Ἀρίσταρχος·
1636 2223 1713 2259 Οὔκ

378 2268 566 2302 ἐπίσταται
598 2267 670 2313 μὲν
701 2265 720 2301 ὁ
744 2265 892 2311 ποιητὴς
919 2267 958 2302 τὸ
987 2267 1150 2310 θηλυκὸν
1173 2280 1284 2315 καρη,
1316 2266 1400 2302 ἀλλ’
1428 2268 1539 2305 οὐδὲν
1560 2273 1711 2315 θαυμα-

380 2310 465 2348 στόν
480 2322 488 2330 ·
513 2314 575 2347 καὶ
600 2311 671 2359 γὰρ
697 2309 807 2351 ι’ίλλας
829 2309 1063 2360 παραλόγους
1082 2311 1358 2361 (παραγώγους)
1377 2312 1506 2359 φωνὰς
1523 2314 1710 2350 ἐπίσταται

378 2356 527 2402 ἀγνοῶν
552 2356 613 2396 τὰς
644 2360 897 2402 πρωτοθέτους
921 2357 1042 2394 αὐτῶν
1067 2361 1186 2399 λέξεις.
1233 2358 1290 2393 Ad
1315 2358 1339 2394 l.
1363 2357 1397 2395 2.
1423 2358 1517 2394 adde
1540 2357 1710 2404 Πήδάλια

379 2405 415 2437 οἱ
438 2400 606 2449 κύβερνοι
631 2402 751 2448 Etym.
778 2401 870 2436 Gud.

243 2459 287 2496 P.
318 2460 392 2496 162.
422 2461 446 2495 l.
464 2460 496 2495 3.
522 2460 652 2496 Suidas
662 2460 914 2496 ’Λνατυπῶσαι
928 2459 1133 2507 ἀνατρέψαι
1144 2460 1361 2508 Ἀντίμαχος
1375 2463 1426 2508 (p.
1438 2463 1496 2499 94.
1510 2463 1568 2499 ed.
1583 2462 1708 2507 Stoll.)

377 2506 453 2541 Sed
479 2505 690 2541 ἀντιτυποῦν
707 2506 856 2541 heroico
874 2512 990 2541 metro
1016 2512 1200 2552 repugnat.
1250 2507 1374 2545 Quare
1390 2508 1635 2554 reponendum
1653 2514 1708 2545 est

377 2551 473 2595 quod
496 2550 705 2586 Bernartius
732 2551 843 2586 suasit
868 2551 1108 2586 ἆνακυπῶσαι
1130 2562 1165 2586 v.
1191 2552 1402 2588 Schneider.
1430 2553 1477 2587 ad
1500 2553 1608 2589 Ther.
1627 2554 1704 2590 705.

372 2595 605 2642 *Ιμεροῦσθαι
628 2596 872 2642 Hippocrates
898 2595 945 2630 de
972 2596 1177 2631 mulieribus
1203 2597 1429 2632 concubitum
1453 2599 1708 2645 appetentibus

378 2647 413 2675 et
439 2641 671 2685 cupiditatem
697 2641 935 2687 explentibus.

240 2695 286 2732 Ρ.
314 2696 501 2777 164ὲῐῖ.ῃ·8.
527 2696 572 2730 de
590 2696 787 2776 A5rgimachi
814 2707 920 2732 versu
944 2697 1064 2733 varias
1091 2680 1279 2732 doctorum
1307 2697 1534 2743 conjecturas
1559 2692 1707 2744 collegit

419 2753 440 2776 0
471 2753 522 2776 ms
549 2753 584 2787 p.
655 2769 662 2777 .

240 293 283 384 ''e'v

314 292 336 327 e>

315 347 360 550 &30³3

280 291 412 329 .1.l

280 376 288 384 .
362 347 412 382 ‚l

240 404 292 608 ’,ὉἮἯἮ

339 403 370 438 6.

325 459 372 495 ’7.

341 515 370 550 l.

340 571 374 606 5.

319 572 338 606 q
