<?xml version="1.0" encoding="UTF-8"?>
<!DOCTYPE html PUBLIC "-//W3C//DTD XHTML 1.0 Transitional//EN"
    "http://www.w3.org/TR/xhtml1/DTD/xhtml1-transitional.dtd">
<html xmlns="http://www.w3.org/1999/xhtml" xml:lang="en" lang="en">
 <head>
  <title>
</title>
<meta http-equiv="Content-Type" content="text/html;charset=utf-8" />
  <meta name='ocr-system' content='tesseract 3.04.00' />
  <meta name='ocr-capabilities' content='ocr_page ocr_carea ocr_par ocr_line ocrx_word'/>
</head>
<body>
  <div class='ocr_page' id='page_1' title='image "./rhematikonsiveve00lobeuoft_0258.png"; bbox 0 0 1728 3120; ppageno 0'>
   <div class='ocr_carea' id='block_1_1' title="bbox 266 183 1295 237">
    <p class='ocr_par' dir='ltr' id='par_1_1' title="bbox 266 183 1295 237">
     <span class='ocr_line' id='line_1_1' title="bbox 266 183 1295 237; baseline -0.009 0"><span class='ocrx_word' id='word_1_1' title='bbox 266 191 365 237; x_wconf 81' lang='lat'>240</span> <span class='ocrx_word' id='word_1_2' title='bbox 698 183 1160 228; x_wconf 81' lang='lat' dir='ltr'><strong>DISSERTATIO</strong></span> <span class='ocrx_word' id='word_1_3' title='bbox 1204 184 1295 228; x_wconf 83' lang='lat' dir='ltr'>XV.</span> 
     </span>
    </p>
   </div>
   <div class='ocr_carea' id='block_1_2' title="bbox 868 397 1125 442">
    <p class='ocr_par' dir='ltr' id='par_1_2' title="bbox 868 397 1125 442">
     <span class='ocr_line' id='line_1_2' title="bbox 868 397 1125 442; baseline 0.004 -2"><span class='ocrx_word' id='word_1_4' title='bbox 868 397 899 440; x_wconf 92' lang='lat' dir='ltr'>C</span> <span class='ocrx_word' id='word_1_5' title='bbox 916 397 955 442; x_wconf 89' lang='lat' dir='ltr'><strong>A</strong></span> <span class='ocrx_word' id='word_1_6' title='bbox 971 397 1015 441; x_wconf 93' lang='lat' dir='ltr'>P.</span> <span class='ocrx_word' id='word_1_7' title='bbox 1058 397 1125 441; x_wconf 90' lang='lat' dir='ltr'>lv.</span> 
     </span>
    </p>
   </div>
   <div class='ocr_carea' id='block_1_3' title="bbox 533 512 1450 572">
    <p class='ocr_par' dir='ltr' id='par_1_3' title="bbox 533 512 1450 572">
     <span class='ocr_line' id='line_1_3' title="bbox 533 512 1450 572; baseline 0.003 -11"><span class='ocrx_word' id='word_1_8' title='bbox 533 515 624 561; x_wconf 87' lang='lat' dir='ltr'>De</span> <span class='ocrx_word' id='word_1_9' title='bbox 659 512 872 562; x_wconf 80' lang='lat' dir='ltr'>verbis</span> <span class='ocrx_word' id='word_1_10' title='bbox 916 513 990 562; x_wconf 77' lang='lat' dir='ltr'>in</span> <span class='ocrx_word' id='word_1_11' title='bbox 1024 531 1120 571; x_wconf 89' lang='grc' dir='ltr'>σσ,</span> <span class='ocrx_word' id='word_1_12' title='bbox 1165 532 1310 572; x_wconf 85' lang='grc' dir='ltr'><em>σκω,</em></span> <span class='ocrx_word' id='word_1_13' title='bbox 1356 533 1450 565; x_wconf 85' lang='grc' dir='ltr'>πτ.</span> 
     </span>
    </p>
   </div>
   <div class='ocr_carea' id='block_1_4' title="bbox 1162 503 1295 511">
    <p class='ocr_par' dir='ltr' id='par_1_4' title="bbox 1162 503 1295 511">
     <span class='ocr_line' id='line_1_4' title="bbox 1162 503 1295 511; baseline 0 2609"><span class='ocrx_word' id='word_1_14' title='bbox 1162 503 1295 511; x_wconf 95' lang='lat' dir='ltr'> </span> 
     </span>
    </p>
   </div>
   <div class='ocr_carea' id='block_1_5' title="bbox 1348 504 1435 511">
    <p class='ocr_par' dir='ltr' id='par_1_5' title="bbox 1348 504 1435 511">
     <span class='ocr_line' id='line_1_5' title="bbox 1348 504 1435 511; baseline 0.011 -1"><span class='ocrx_word' id='word_1_15' title='bbox 1348 504 1435 511; x_wconf 74' lang='grc'>--</span> 
     </span>
    </p>
   </div>
   <div class='ocr_carea' id='block_1_6' title="bbox 253 634 1728 2706">
    <p class='ocr_par' dir='ltr' id='par_1_6' title="bbox 253 634 1728 2706">
     <span class='ocr_line' id='line_1_6' title="bbox 375 634 1694 695; baseline 0.004 -17"><span class='ocrx_word' id='word_1_16' title='bbox 375 637 410 691; x_wconf 63' lang='grc' dir='ltr'>ξ.</span> <span class='ocrx_word' id='word_1_17' title='bbox 442 636 480 678; x_wconf 93' lang='lat' dir='ltr'>l.</span> <span class='ocrx_word' id='word_1_18' title='bbox 536 636 576 678; x_wconf 89' lang='lat' dir='ltr'><strong>A</strong></span> <span class='ocrx_word' id='word_1_19' title='bbox 612 637 850 692; x_wconf 86' lang='lat' dir='ltr'>paronymis</span> <span class='ocrx_word' id='word_1_20' title='bbox 887 637 1063 681; x_wconf 81' lang='lat' dir='ltr'>ordienti</span> <span class='ocrx_word' id='word_1_21' title='bbox 1098 639 1228 695; x_wconf 89' lang='lat' dir='ltr'>primo</span> <span class='ocrx_word' id='word_1_22' title='bbox 1268 652 1314 682; x_wconf 92' lang='lat' dir='ltr'>se</span> <span class='ocrx_word' id='word_1_23' title='bbox 1353 638 1470 682; x_wconf 80' lang='lat' dir='ltr'>offert</span> <span class='ocrx_word' id='word_1_24' title='bbox 1505 634 1694 682; x_wconf 77' lang='grc' dir='ltr'><em>ἇλλάσσα</em></span> 
     </span>
     <span class='ocr_line' id='line_1_7' title="bbox 263 702 1702 763; baseline 0 -15"><span class='ocrx_word' id='word_1_25' title='bbox 263 711 427 763; x_wconf 85' lang='lat' dir='ltr'>praeter</span> <span class='ocrx_word' id='word_1_26' title='bbox 455 703 560 760; x_wconf 89' lang='lat' dir='ltr'>quod</span> <span class='ocrx_word' id='word_1_27' title='bbox 585 702 741 745; x_wconf 92' lang='lat' dir='ltr'>nullum</span> <span class='ocrx_word' id='word_1_28' title='bbox 761 702 962 747; x_wconf 87' lang='lat' dir='ltr'>habemus</span> <span class='ocrx_word' id='word_1_29' title='bbox 990 704 1158 748; x_wconf 89' lang='lat' dir='ltr'>verbum</span> <span class='ocrx_word' id='word_1_30' title='bbox 1187 705 1239 748; x_wconf 88' lang='lat' dir='ltr'>ab</span> <span class='ocrx_word' id='word_1_31' title='bbox 1259 705 1462 762; x_wconf 75' lang='lat' dir='ltr'>adJectivo</span> <span class='ocrx_word' id='word_1_32' title='bbox 1491 705 1702 749; x_wconf 86' lang='lat' dir='ltr'>oriundum</span> 
     </span>
     <span class='ocr_line' id='line_1_8' title="bbox 263 769 1694 828; baseline -0.001 -12"><span class='ocrx_word' id='word_1_33' title='bbox 263 787 360 816; x_wconf 89' lang='lat' dir='ltr'>nam</span> <span class='ocrx_word' id='word_1_34' title='bbox 389 771 497 828; x_wconf 87' lang='lat' dir='ltr'>quod</span> <span class='ocrx_word' id='word_1_35' title='bbox 523 770 789 813; x_wconf 88' lang='lat' dir='ltr'>Buttmannus</span> <span class='ocrx_word' id='word_1_36' title='bbox 818 784 855 827; x_wconf 89' lang='lat' dir='ltr'>p.</span> <span class='ocrx_word' id='word_1_37' title='bbox 885 770 981 814; x_wconf 75' lang='lat'><strong>386.</strong></span> <span class='ocrx_word' id='word_1_38' title='bbox 1009 774 1122 828; x_wconf 88' lang='lat' dir='ltr'>ponit</span> <span class='ocrx_word' id='word_1_39' title='bbox 1146 770 1361 826; x_wconf 80' lang='grc' dir='ltr'><em>μαλάσσω</em></span> <span class='ocrx_word' id='word_1_40' title='bbox 1389 786 1417 817; x_wconf 88' lang='lat' dir='ltr'>a</span> <span class='ocrx_word' id='word_1_41' title='bbox 1441 769 1652 826; x_wconf 86' lang='grc' dir='ltr'><em>μαλακός,</em></span> <span class='ocrx_word' id='word_1_42' title='bbox 1680 772 1694 815; x_wconf 94' lang='lat' dir='ltr'>i</span> 
     </span>
     <span class='ocr_line' id='line_1_9' title="bbox 262 838 1696 896; baseline 0 -14"><span class='ocrx_word' id='word_1_43' title='bbox 262 840 362 883; x_wconf 91' lang='lat' dir='ltr'>mihi</span> <span class='ocrx_word' id='word_1_44' title='bbox 389 838 513 882; x_wconf 87' lang='lat' dir='ltr'>multo</span> <span class='ocrx_word' id='word_1_45' title='bbox 552 851 673 881; x_wconf 91' lang='lat' dir='ltr'>secus</span> <span class='ocrx_word' id='word_1_46' title='bbox 709 838 842 882; x_wconf 87' lang='lat' dir='ltr'>videri</span> <span class='ocrx_word' id='word_1_47' title='bbox 880 838 1092 883; x_wconf 86' lang='lat' dir='ltr'>declaravi</span> <span class='ocrx_word' id='word_1_48' title='bbox 1126 839 1211 883; x_wconf 91' lang='lat' dir='ltr'>alio</span> <span class='ocrx_word' id='word_1_49' title='bbox 1248 839 1356 883; x_wconf 91' lang='lat' dir='ltr'>loco.</span> <span class='ocrx_word' id='word_1_50' title='bbox 1413 838 1594 896; x_wconf 81' lang='lat' dir='ltr'><strong>Saepius</strong></span> <span class='ocrx_word' id='word_1_51' title='bbox 1622 851 1696 883; x_wconf 84' lang='lat' dir='ltr'>ver</span> 
     </span>
     <span class='ocr_line' id='line_1_10' title="bbox 261 904 1718 964; baseline -0.001 -13"><span class='ocrx_word' id='word_1_52' title='bbox 261 907 341 951; x_wconf 91' lang='lat' dir='ltr'>huc</span> <span class='ocrx_word' id='word_1_53' title='bbox 371 906 545 950; x_wconf 88' lang='lat' dir='ltr'>deducta</span> <span class='ocrx_word' id='word_1_54' title='bbox 573 911 666 947; x_wconf 85' lang='lat' dir='ltr'>sunt</span> <span class='ocrx_word' id='word_1_55' title='bbox 695 904 974 949; x_wconf 86' lang='lat' dir='ltr'>substantiva:</span> <span class='ocrx_word' id='word_1_56' title='bbox 1015 906 1136 950; x_wconf 83' lang='grc' dir='ltr'><em>Βέλα</em></span> <span class='ocrx_word' id='word_1_57' title='bbox 1160 904 1286 964; x_wconf 80' lang='grc' dir='ltr'><em>ἥλιος</em></span> <span class='ocrx_word' id='word_1_58' title='bbox 1313 906 1376 959; x_wconf 86' lang='lat' dir='ltr'>(id</span> <span class='ocrx_word' id='word_1_59' title='bbox 1404 912 1467 950; x_wconf 84' lang='lat' dir='ltr'>est</span> <span class='ocrx_word' id='word_1_60' title='bbox 1495 904 1608 962; x_wconf 72' lang='grc' dir='ltr'><em>εἵλη)</em></span> <span class='ocrx_word' id='word_1_61' title='bbox 1639 908 1718 950; x_wconf 57' lang='lat' dir='ltr'>Be?</span> 
     </span>
     <span class='ocr_line' id='line_1_11' title="bbox 260 968 1714 1031; baseline 0.001 -15"><span class='ocrx_word' id='word_1_62' title='bbox 260 972 472 1017; x_wconf 80' lang='grc' dir='ltr'><em>λάσσεται</em></span> <span class='ocrx_word' id='word_1_63' title='bbox 492 968 806 1029; x_wconf 72' lang='grc' dir='ltr'><em>ἡλιωθήσεται,</em></span> <span class='ocrx_word' id='word_1_64' title='bbox 836 975 986 1030; x_wconf 81' lang='grc' dir='ltr'><em>σφῦρα</em></span> <span class='ocrx_word' id='word_1_65' title='bbox 1003 970 1132 1030; x_wconf 84' lang='lat' dir='ltr'>porca</span> <span class='ocrx_word' id='word_1_66' title='bbox 1150 971 1580 1031; x_wconf 81' lang='grc' dir='ltr'><em>Κατασφυράσσεται</em></span> <span class='ocrx_word' id='word_1_67' title='bbox 1598 972 1714 1017; x_wconf 68' lang='grc' dir='ltr'><em>σπεό</em></span> 
     </span>
     <span class='ocr_line' id='line_1_12' title="bbox 262 1037 1704 1098; baseline -0.001 -14"><span class='ocrx_word' id='word_1_68' title='bbox 262 1057 345 1098; x_wconf 84' lang='grc' dir='ltr'><em>ρει,</em></span> <span class='ocrx_word' id='word_1_69' title='bbox 373 1040 535 1097; x_wconf 87' lang='lat' dir='ltr'>proprie</span> <span class='ocrx_word' id='word_1_70' title='bbox 565 1051 706 1081; x_wconf 91' lang='lat' dir='ltr'>semen</span> <span class='ocrx_word' id='word_1_71' title='bbox 731 1039 932 1095; x_wconf 83' lang='lat' dir='ltr'>imporcat</span> <span class='ocrx_word' id='word_1_72' title='bbox 960 1041 987 1082; x_wconf 82' lang='lat' dir='ltr'>i,</span> <span class='ocrx_word' id='word_1_73' title='bbox 1020 1053 1057 1096; x_wconf 86' lang='lat' dir='ltr'>q.</span> <span class='ocrx_word' id='word_1_74' title='bbox 1089 1037 1460 1098; x_wconf 76' lang='grc' dir='ltr'><em>ὖποσφυρίζεται,</em></span> <span class='ocrx_word' id='word_1_75' title='bbox 1488 1039 1635 1098; x_wconf 82' lang='lat' dir='ltr'>quibus</span> <span class='ocrx_word' id='word_1_76' title='bbox 1666 1041 1704 1083; x_wconf 80' lang='lat' dir='ltr'>si.</span> 
     </span>
     <span class='ocr_line' id='line_1_13' title="bbox 260 1103 1698 1164; baseline 0 -15"><span class='ocrx_word' id='word_1_77' title='bbox 260 1107 357 1150; x_wconf 86' lang='lat' dir='ltr'>mile</span> <span class='ocrx_word' id='word_1_78' title='bbox 386 1107 628 1163; x_wconf 91' lang='lat' dir='ltr'>principium</span> <span class='ocrx_word' id='word_1_79' title='bbox 667 1119 750 1149; x_wconf 92' lang='lat' dir='ltr'>non</span> <span class='ocrx_word' id='word_1_80' title='bbox 787 1106 908 1149; x_wconf 92' lang='lat' dir='ltr'>dubie</span> <span class='ocrx_word' id='word_1_81' title='bbox 944 1105 1068 1150; x_wconf 90' lang='lat' dir='ltr'>habet</span> <span class='ocrx_word' id='word_1_82' title='bbox 1113 1104 1312 1163; x_wconf 77' lang='grc' dir='ltr'><em>Θυράξαι</em></span> <span class='ocrx_word' id='word_1_83' title='bbox 1350 1103 1433 1158; x_wconf 72' lang='grc' dir='ltr'>ἔξω</span> <span class='ocrx_word' id='word_1_84' title='bbox 1461 1109 1540 1164; x_wconf 80' lang='grc' dir='ltr'>τῆς</span> <span class='ocrx_word' id='word_1_85' title='bbox 1578 1103 1698 1164; x_wconf 65' lang='grc' dir='ltr'>θύρα</span> 
     </span>
     <span class='ocr_line' id='line_1_14' title="bbox 262 1170 1700 1230; baseline 0 -14"><span class='ocrx_word' id='word_1_86' title='bbox 262 1174 367 1217; x_wconf 88' lang='lat' dir='ltr'>adde</span> <span class='ocrx_word' id='word_1_87' title='bbox 399 1171 663 1230; x_wconf 71' lang='grc' dir='ltr'><em>’ἀποῤῥίψαι</em></span> <span class='ocrx_word' id='word_1_88' title='bbox 693 1180 733 1215; x_wconf 87' lang='lat' dir='ltr'>et</span> <span class='ocrx_word' id='word_1_89' title='bbox 768 1171 1039 1229; x_wconf 78' lang='grc' dir='ltr'><em>Θυράγματα</em></span> <span class='ocrx_word' id='word_1_90' title='bbox 1074 1170 1365 1230; x_wconf 79' lang='grc' dir='ltr'><em>ἆφοδεύματα</em></span> <span class='ocrx_word' id='word_1_91' title='bbox 1396 1173 1440 1216; x_wconf 88' lang='lat' dir='ltr'>id</span> <span class='ocrx_word' id='word_1_92' title='bbox 1477 1179 1540 1216; x_wconf 87' lang='lat' dir='ltr'>est</span> <span class='ocrx_word' id='word_1_93' title='bbox 1571 1174 1700 1228; x_wconf 80' lang='lat' dir='ltr'>eJecta</span> 
     </span>
     <span class='ocr_line' id='line_1_15' title="bbox 261 1238 1721 1297; baseline -0.001 -13"><span class='ocrx_word' id='word_1_94' title='bbox 261 1247 415 1291; x_wconf 86' lang='lat' dir='ltr'>menta,</span> <span class='ocrx_word' id='word_1_95' title='bbox 451 1239 701 1296; x_wconf 84' lang='lat' dir='ltr'>latinumque</span> <span class='ocrx_word' id='word_1_96' title='bbox 730 1241 866 1295; x_wconf 78' lang='lat' dir='ltr'>feriae</span> <span class='ocrx_word' id='word_1_97' title='bbox 904 1253 930 1283; x_wconf 88' lang='lat' dir='ltr'>a</span> <span class='ocrx_word' id='word_1_98' title='bbox 960 1238 1101 1297; x_wconf 76' lang='grc' dir='ltr'><em>θύραι</em></span> <span class='ocrx_word' id='word_1_99' title='bbox 1137 1240 1262 1284; x_wconf 87' lang='lat' dir='ltr'>fores.</span> <span class='ocrx_word' id='word_1_100' title='bbox 1321 1238 1516 1296; x_wconf 87' lang='lat' dir='ltr'>Ejusdem</span> <span class='ocrx_word' id='word_1_101' title='bbox 1553 1241 1721 1296; x_wconf 83' lang='lat' dir='ltr'>generis</span> 
     </span>
     <span class='ocr_line' id='line_1_16' title="bbox 259 1303 1722 1363; baseline -0.001 -12"><span class='ocrx_word' id='word_1_102' title='bbox 259 1314 352 1351; x_wconf 88' lang='lat' dir='ltr'>sunt</span> <span class='ocrx_word' id='word_1_103' title='bbox 389 1304 524 1357; x_wconf 82' lang='grc' dir='ltr'><em>σάλος</em></span> <span class='ocrx_word' id='word_1_104' title='bbox 563 1303 772 1350; x_wconf 82' lang='grc' dir='ltr'><em>σαλάσσω</em></span> <span class='ocrx_word' id='word_1_105' title='bbox 801 1308 828 1349; x_wconf 86' lang='lat' dir='ltr'>i.</span> <span class='ocrx_word' id='word_1_106' title='bbox 863 1321 899 1363; x_wconf 90' lang='lat' dir='ltr'>q.</span> <span class='ocrx_word' id='word_1_107' title='bbox 939 1304 1128 1356; x_wconf 87' lang='grc' dir='ltr'><em>σαλεύω,</em></span> <span class='ocrx_word' id='word_1_108' title='bbox 1165 1303 1326 1361; x_wconf 84' lang='grc' dir='ltr'><em>λαιμός</em></span> <span class='ocrx_word' id='word_1_109' title='bbox 1363 1304 1595 1362; x_wconf 86' lang='grc' dir='ltr'><em>λαιμάσσω</em></span> <span class='ocrx_word' id='word_1_110' title='bbox 1625 1307 1653 1349; x_wconf 90' lang='lat' dir='ltr'>i.</span> <span class='ocrx_word' id='word_1_111' title='bbox 1683 1318 1722 1362; x_wconf 72' lang='lat' dir='ltr'>q.</span> 
     </span>
     <span class='ocr_line' id='line_1_17' title="bbox 259 1369 1722 1431; baseline -0.003 -12"><span class='ocrx_word' id='word_1_112' title='bbox 259 1369 434 1430; x_wconf 75' lang='grc' dir='ltr'><em>λαιμάω</em></span> <span class='ocrx_word' id='word_1_113' title='bbox 461 1380 501 1416; x_wconf 86' lang='lat' dir='ltr'>et</span> <span class='ocrx_word' id='word_1_114' title='bbox 523 1370 735 1427; x_wconf 82' lang='grc' dir='ltr'><em>λαιμάζω,</em></span> <span class='ocrx_word' id='word_1_115' title='bbox 768 1370 933 1431; x_wconf 76' lang='grc' dir='ltr'><em>δρόμος</em></span> <span class='ocrx_word' id='word_1_116' title='bbox 961 1370 1210 1430; x_wconf 83' lang='grc' dir='ltr'><em>δρομάσσω,</em></span> <span class='ocrx_word' id='word_1_117' title='bbox 1240 1371 1283 1425; x_wconf 70' lang='lat' dir='ltr'>i&#39;g</span> <span class='ocrx_word' id='word_1_118' title='bbox 1309 1370 1472 1417; x_wconf 84' lang='grc' dir='ltr'><em>ἶνάσσω</em></span> <span class='ocrx_word' id='word_1_119' title='bbox 1500 1373 1609 1431; x_wconf 84' lang='lat' dir='ltr'>quod</span> <span class='ocrx_word' id='word_1_120' title='bbox 1626 1371 1722 1422; x_wconf 73' lang='grc' dir='ltr'>ΕΜ,</span> 
     </span>
     <span class='ocr_line' id='line_1_18' title="bbox 259 1437 1700 1496; baseline -0.001 -10"><span class='ocrx_word' id='word_1_121' title='bbox 259 1442 378 1486; x_wconf 82' lang='lat' dir='ltr'>affert</span> <span class='ocrx_word' id='word_1_122' title='bbox 404 1441 511 1484; x_wconf 90' lang='lat' dir='ltr'>idem</span> <span class='ocrx_word' id='word_1_123' title='bbox 538 1439 776 1495; x_wconf 85' lang='lat' dir='ltr'>significans</span> <span class='ocrx_word' id='word_1_124' title='bbox 804 1441 913 1496; x_wconf 89' lang='lat' dir='ltr'>quod</span> <span class='ocrx_word' id='word_1_125' title='bbox 938 1437 1042 1483; x_wconf 82' lang='grc' dir='ltr'>ἶνόω</span> <span class='ocrx_word' id='word_1_126' title='bbox 1070 1442 1158 1484; x_wconf 83' lang='lat' dir='ltr'>sive</span> <span class='ocrx_word' id='word_1_127' title='bbox 1184 1437 1448 1491; x_wconf 77' lang='grc' dir='ltr'>ἐνὸυναμόω,</span> <span class='ocrx_word' id='word_1_128' title='bbox 1473 1437 1614 1495; x_wconf 84' lang='grc' dir='ltr'><em>μύσος</em></span> <span class='ocrx_word' id='word_1_129' title='bbox 1640 1456 1700 1493; x_wconf 87' lang='grc' dir='ltr'>μυ</span> 
     </span>
     <span class='ocr_line' id='line_1_19' title="bbox 258 1504 1720 1565; baseline -0.002 -13"><span class='ocrx_word' id='word_1_130' title='bbox 258 1508 488 1562; x_wconf 80' lang='grc' dir='ltr'><em>σάττομαι.</em></span> <span class='ocrx_word' id='word_1_131' title='bbox 545 1504 784 1550; x_wconf 88' lang='lat' dir='ltr'>Verbalium</span> <span class='ocrx_word' id='word_1_132' title='bbox 804 1521 902 1564; x_wconf 87' lang='lat' dir='ltr'>pars</span> <span class='ocrx_word' id='word_1_133' title='bbox 924 1520 950 1550; x_wconf 91' lang='lat' dir='ltr'>a</span> <span class='ocrx_word' id='word_1_134' title='bbox 971 1507 1186 1563; x_wconf 86' lang='lat' dir='ltr'>barytonis</span> <span class='ocrx_word' id='word_1_135' title='bbox 1215 1514 1345 1550; x_wconf 82' lang='lat' dir='ltr'>ortum</span> <span class='ocrx_word' id='word_1_136' title='bbox 1364 1506 1510 1551; x_wconf 86' lang='lat' dir='ltr'>habet:</span> <span class='ocrx_word' id='word_1_137' title='bbox 1538 1507 1720 1565; x_wconf 80' lang='grc' dir='ltr'><em>σπαίρω</em></span> 
     </span>
     <span class='ocr_line' id='line_1_20' title="bbox 257 1570 1723 1631; baseline -0.002 -12"><span class='ocrx_word' id='word_1_138' title='bbox 257 1572 528 1631; x_wconf 75' lang='grc' dir='ltr'><em>σπαράσσει),</em></span> <span class='ocrx_word' id='word_1_139' title='bbox 571 1571 731 1631; x_wconf 81' lang='grc' dir='ltr'><em>ψάλλω</em></span> <span class='ocrx_word' id='word_1_140' title='bbox 769 1570 1015 1631; x_wconf 83' lang='grc' dir='ltr'><em>ψαλάσσω,</em></span> <span class='ocrx_word' id='word_1_141' title='bbox 1054 1571 1179 1617; x_wconf 84' lang='grc' dir='ltr'><em>τείνω</em></span> <span class='ocrx_word' id='word_1_142' title='bbox 1220 1571 1424 1618; x_wconf 84' lang='grc' dir='ltr'><em>τινάσσω.</em></span> <span class='ocrx_word' id='word_1_143' title='bbox 1478 1571 1723 1629; x_wconf 76' lang='grc' dir='ltr'><em>Μαράσσει</em></span> 
     </span>
     <span class='ocr_line' id='line_1_21' title="bbox 257 1637 1722 1699; baseline -0.001 -14"><span class='ocrx_word' id='word_1_144' title='bbox 257 1644 404 1699; x_wconf 80' lang='grc' dir='ltr'><em>ψοφεῖ</em></span> <span class='ocrx_word' id='word_1_145' title='bbox 429 1639 612 1684; x_wconf 86' lang='lat' dir='ltr'>Erotian.</span> <span class='ocrx_word' id='word_1_146' title='bbox 639 1641 691 1683; x_wconf 80' lang='lat' dir='ltr'>ad</span> <span class='ocrx_word' id='word_1_147' title='bbox 718 1639 865 1697; x_wconf 83' lang='grc' dir='ltr'><em>μαίρω</em></span> <span class='ocrx_word' id='word_1_148' title='bbox 894 1640 1015 1683; x_wconf 87' lang='lat' dir='ltr'>retuli</span> <span class='ocrx_word' id='word_1_149' title='bbox 1048 1642 1091 1683; x_wconf 90' lang='lat' dir='ltr'>in</span> <span class='ocrx_word' id='word_1_150' title='bbox 1113 1640 1305 1697; x_wconf 86' lang='lat' dir='ltr'>Prolegg.</span> <span class='ocrx_word' id='word_1_151' title='bbox 1323 1640 1419 1684; x_wconf 86' lang='lat'><strong>304.</strong></span> <span class='ocrx_word' id='word_1_152' title='bbox 1461 1637 1722 1698; x_wconf 83' lang='grc' dir='ltr'><em>Λαιφάσσω</em></span> 
     </span>
     <span class='ocr_line' id='line_1_22' title="bbox 257 1704 1718 1766; baseline -0.002 -14"><span class='ocrx_word' id='word_1_153' title='bbox 257 1723 309 1752; x_wconf 87' lang='lat' dir='ltr'>ex</span> <span class='ocrx_word' id='word_1_154' title='bbox 332 1708 477 1751; x_wconf 91' lang='lat' dir='ltr'>eodem</span> <span class='ocrx_word' id='word_1_155' title='bbox 501 1708 611 1751; x_wconf 85' lang='lat' dir='ltr'>fonte</span> <span class='ocrx_word' id='word_1_156' title='bbox 635 1714 678 1750; x_wconf 84' lang='lat' dir='ltr'>ut</span> <span class='ocrx_word' id='word_1_157' title='bbox 701 1721 931 1763; x_wconf 88' lang='lat' dir='ltr'>synonyma</span> <span class='ocrx_word' id='word_1_158' title='bbox 953 1704 1166 1763; x_wconf 82' lang='grc' dir='ltr'><em>λαφύσσω</em></span> <span class='ocrx_word' id='word_1_159' title='bbox 1182 1714 1223 1751; x_wconf 89' lang='lat' dir='ltr'>et</span> <span class='ocrx_word' id='word_1_160' title='bbox 1248 1705 1529 1766; x_wconf 76' lang='grc' dir='ltr'><em>λαυφθοὶσσω</em></span> <span class='ocrx_word' id='word_1_161' title='bbox 1546 1708 1583 1750; x_wconf 90' lang='lat' dir='ltr'>si</span> <span class='ocrx_word' id='word_1_162' title='bbox 1607 1713 1718 1750; x_wconf 81' lang='lat' dir='ltr'>recte</span> 
     </span>
     <span class='ocr_line' id='line_1_23' title="bbox 258 1770 1722 1832; baseline -0.002 -13"><span class='ocrx_word' id='word_1_163' title='bbox 258 1777 424 1832; x_wconf 87' lang='lat' dir='ltr'>scripsit</span> <span class='ocrx_word' id='word_1_164' title='bbox 451 1774 702 1830; x_wconf 84' lang='lat' dir='ltr'>Hesychius,</span> <span class='ocrx_word' id='word_1_165' title='bbox 743 1775 1007 1832; x_wconf 87' lang='lat' dir='ltr'>repetendum</span> <span class='ocrx_word' id='word_1_166' title='bbox 1037 1781 1122 1826; x_wconf 91' lang='lat' dir='ltr'>est,</span> <span class='ocrx_word' id='word_1_167' title='bbox 1158 1775 1237 1819; x_wconf 93' lang='lat' dir='ltr'>hoc</span> <span class='ocrx_word' id='word_1_168' title='bbox 1264 1781 1327 1819; x_wconf 89' lang='lat' dir='ltr'>est</span> <span class='ocrx_word' id='word_1_169' title='bbox 1357 1788 1383 1818; x_wconf 93' lang='lat' dir='ltr'>a</span> <span class='ocrx_word' id='word_1_170' title='bbox 1410 1770 1586 1825; x_wconf 82' lang='grc' dir='ltr'><em>λάπτω,</em></span> <span class='ocrx_word' id='word_1_171' title='bbox 1612 1774 1722 1817; x_wconf 87' lang='lat' dir='ltr'>unde</span> 
     </span>
     <span class='ocr_line' id='line_1_24' title="bbox 256 1840 1728 1896; baseline -0.001 -10"><span class='ocrx_word' id='word_1_172' title='bbox 256 1843 497 1887; x_wconf 82' lang='lat' dir='ltr'>Athenaeus</span> <span class='ocrx_word' id='word_1_173' title='bbox 535 1843 659 1884; x_wconf 86' lang='lat' dir='ltr'>etiam</span> <span class='ocrx_word' id='word_1_174' title='bbox 692 1840 910 1885; x_wconf 81' lang='grc' dir='ltr'><em>λαπάσσω</em></span> <span class='ocrx_word' id='word_1_175' title='bbox 949 1842 1173 1886; x_wconf 85' lang='lat' dir='ltr'>derivatum</span> <span class='ocrx_word' id='word_1_176' title='bbox 1204 1842 1302 1886; x_wconf 89' lang='lat' dir='ltr'>dicit</span> <span class='ocrx_word' id='word_1_177' title='bbox 1333 1855 1372 1886; x_wconf 84' lang='lat' dir='ltr'>v.</span> <span class='ocrx_word' id='word_1_178' title='bbox 1400 1840 1594 1896; x_wconf 85' lang='lat' dir='ltr'>Prolegg.</span> <span class='ocrx_word' id='word_1_179' title='bbox 1623 1841 1728 1895; x_wconf 52' lang='lat'><strong>255.2</strong></span> 
     </span>
     <span class='ocr_line' id='line_1_25' title="bbox 256 1897 1728 1973; baseline -0.002 -20"><span class='ocrx_word' id='word_1_180' title='bbox 256 1907 510 1967; x_wconf 84' lang='grc' dir='ltr'><em>Λρυμάσσω</em></span> <span class='ocrx_word' id='word_1_181' title='bbox 546 1909 688 1952; x_wconf 87' lang='lat' dir='ltr'>lacero</span> <span class='ocrx_word' id='word_1_182' title='bbox 728 1910 911 1965; x_wconf 83' lang='lat' dir='ltr'>proxime</span> <span class='ocrx_word' id='word_1_183' title='bbox 950 1923 1040 1952; x_wconf 89' lang='lat' dir='ltr'>cum</span> <span class='ocrx_word' id='word_1_184' title='bbox 1079 1907 1259 1965; x_wconf 78' lang='grc' dir='ltr'><em>δρύπτω</em></span> <span class='ocrx_word' id='word_1_185' title='bbox 1289 1909 1500 1960; x_wconf 81' lang='lat' dir='ltr'>convenit3</span> <span class='ocrx_word' id='word_1_186' title='bbox 1538 1907 1588 1951; x_wconf 92' lang='lat' dir='ltr'>de</span> <span class='ocrx_word' id='word_1_187' title='bbox 1619 1897 1728 1973; x_wconf 52' lang='lat' dir='ltr'>dom}</span> 
     </span>
     <span class='ocr_line' id='line_1_26' title="bbox 256 1974 1728 2034; baseline -0.001 -15"><span class='ocrx_word' id='word_1_188' title='bbox 256 1974 417 2034; x_wconf 82' lang='grc' dir='ltr'><em>φάσσω</em></span> <span class='ocrx_word' id='word_1_189' title='bbox 447 1975 531 2017; x_wconf 85' lang='lat' dir='ltr'>dixi</span> <span class='ocrx_word' id='word_1_190' title='bbox 559 1976 602 2017; x_wconf 92' lang='lat' dir='ltr'>in</span> <span class='ocrx_word' id='word_1_191' title='bbox 625 1974 779 2016; x_wconf 87' lang='lat' dir='ltr'>Parall.</span> <span class='ocrx_word' id='word_1_192' title='bbox 796 1975 862 2016; x_wconf 86' lang='lat'>15.</span> <span class='ocrx_word' id='word_1_193' title='bbox 914 1974 1175 2027; x_wconf 82' lang='grc' dir='ltr'><em>Φλυάσσειν,</em></span> <span class='ocrx_word' id='word_1_194' title='bbox 1203 1976 1311 2032; x_wconf 87' lang='lat' dir='ltr'>quod</span> <span class='ocrx_word' id='word_1_195' title='bbox 1329 1974 1560 2031; x_wconf 86' lang='lat' dir='ltr'>Hesychius</span> <span class='ocrx_word' id='word_1_196' title='bbox 1579 1975 1728 2034; x_wconf 66' lang='grc' dir='ltr'><em>φλυα-ᾗ</em></span> 
     </span>
     <span class='ocr_line' id='line_1_27' title="bbox 255 2038 1728 2098; baseline -0.001 -13"><span class='ocrx_word' id='word_1_197' title='bbox 255 2045 348 2098; x_wconf 82' lang='grc' dir='ltr'><em>ρεῖν</em></span> <span class='ocrx_word' id='word_1_198' title='bbox 377 2048 417 2083; x_wconf 91' lang='lat' dir='ltr'>et</span> <span class='ocrx_word' id='word_1_199' title='bbox 445 2038 599 2098; x_wconf 81' lang='grc' dir='ltr'><em>φλύειν</em></span> <span class='ocrx_word' id='word_1_200' title='bbox 625 2042 923 2097; x_wconf 79' lang='lat' dir='ltr'>interpretatur,</span> <span class='ocrx_word' id='word_1_201' title='bbox 949 2042 1104 2084; x_wconf 89' lang='lat' dir='ltr'>nomini</span> <span class='ocrx_word' id='word_1_202' title='bbox 1132 2039 1273 2098; x_wconf 80' lang='grc' dir='ltr'><em>φλύος</em></span> <span class='ocrx_word' id='word_1_203' title='bbox 1299 2055 1383 2085; x_wconf 84' lang='grc'><strong>11011</strong></span> <span class='ocrx_word' id='word_1_204' title='bbox 1410 2043 1543 2084; x_wconf 86' lang='lat' dir='ltr'>minus</span> <span class='ocrx_word' id='word_1_205' title='bbox 1572 2038 1728 2098; x_wconf 66' lang='lat' dir='ltr'>appro-f</span> 
     </span>
     <span class='ocr_line' id='line_1_28' title="bbox 253 2095 1728 2167; baseline -0.001 -15"><span class='ocrx_word' id='word_1_206' title='bbox 253 2110 421 2167; x_wconf 89' lang='lat' dir='ltr'>pinquat</span> <span class='ocrx_word' id='word_1_207' title='bbox 450 2121 572 2164; x_wconf 89' lang='lat' dir='ltr'>quam</span> <span class='ocrx_word' id='word_1_208' title='bbox 599 2107 739 2150; x_wconf 88' lang='lat' dir='ltr'>verbo.</span> <span class='ocrx_word' id='word_1_209' title='bbox 797 2107 899 2150; x_wconf 85' lang='lat' dir='ltr'>Alia</span> <span class='ocrx_word' id='word_1_210' title='bbox 920 2121 1003 2150; x_wconf 89' lang='lat' dir='ltr'>non</span> <span class='ocrx_word' id='word_1_211' title='bbox 1029 2107 1109 2150; x_wconf 90' lang='lat' dir='ltr'>hac</span> <span class='ocrx_word' id='word_1_212' title='bbox 1134 2114 1250 2151; x_wconf 91' lang='lat' dir='ltr'>recta</span> <span class='ocrx_word' id='word_1_213' title='bbox 1277 2114 1316 2150; x_wconf 89' lang='lat' dir='ltr'>et</span> <span class='ocrx_word' id='word_1_214' title='bbox 1345 2107 1524 2165; x_wconf 90' lang='lat' dir='ltr'>simplici</span> <span class='ocrx_word' id='word_1_215' title='bbox 1556 2095 1728 2152; x_wconf 56' lang='lat' dir='ltr'>ratione*</span> 
     </span>
     <span class='ocr_line' id='line_1_29' title="bbox 256 2173 1720 2232; baseline -0.001 -13"><span class='ocrx_word' id='word_1_216' title='bbox 256 2177 444 2219; x_wconf 86' lang='lat' dir='ltr'>derivata</span> <span class='ocrx_word' id='word_1_217' title='bbox 472 2182 564 2217; x_wconf 89' lang='lat' dir='ltr'>sunt</span> <span class='ocrx_word' id='word_1_218' title='bbox 587 2173 659 2216; x_wconf 87' lang='lat' dir='ltr'>sed</span> <span class='ocrx_word' id='word_1_219' title='bbox 684 2175 743 2217; x_wconf 82' lang='lat' dir='ltr'>ita</span> <span class='ocrx_word' id='word_1_220' title='bbox 770 2181 812 2216; x_wconf 88' lang='lat' dir='ltr'>ut</span> <span class='ocrx_word' id='word_1_221' title='bbox 833 2174 1066 2231; x_wconf 82' lang='lat' dir='ltr'>epenthesis</span> <span class='ocrx_word' id='word_1_222' title='bbox 1091 2176 1270 2232; x_wconf 86' lang='lat' dir='ltr'>speciem</span> <span class='ocrx_word' id='word_1_223' title='bbox 1295 2173 1534 2231; x_wconf 80' lang='lat' dir='ltr'>praebeant,</span> <span class='ocrx_word' id='word_1_224' title='bbox 1563 2174 1614 2218; x_wconf 90' lang='lat' dir='ltr'>de</span> <span class='ocrx_word' id='word_1_225' title='bbox 1637 2188 1720 2231; x_wconf 85' lang='lat' dir='ltr'>qua</span> 
     </span>
     <span class='ocr_line' id='line_1_30' title="bbox 257 2238 1728 2302; baseline 0 -16"><span class='ocrx_word' id='word_1_226' title='bbox 257 2244 436 2286; x_wconf 91' lang='lat' dir='ltr'>disserui</span> <span class='ocrx_word' id='word_1_227' title='bbox 467 2243 510 2285; x_wconf 90' lang='lat' dir='ltr'>in</span> <span class='ocrx_word' id='word_1_228' title='bbox 537 2241 730 2296; x_wconf 81' lang='lat' dir='ltr'>Prolegg.</span> <span class='ocrx_word' id='word_1_229' title='bbox 764 2254 803 2298; x_wconf 91' lang='lat' dir='ltr'>p.</span> <span class='ocrx_word' id='word_1_230' title='bbox 831 2241 1024 2284; x_wconf 74' lang='lat'>86-89.</span> <span class='ocrx_word' id='word_1_231' title='bbox 1053 2241 1165 2286; x_wconf 87' lang='lat' dir='ltr'>velut</span> <span class='ocrx_word' id='word_1_232' title='bbox 1192 2238 1342 2296; x_wconf 79' lang='grc' dir='ltr'><em>μάττω</em></span> <span class='ocrx_word' id='word_1_233' title='bbox 1370 2239 1599 2295; x_wconf 82' lang='grc' dir='ltr'><em>μαλάττω,</em></span> <span class='ocrx_word' id='word_1_234' title='bbox 1638 2255 1728 2302; x_wconf 51' lang='lat' dir='ltr'>quo¹</span> 
     </span>
     <span class='ocr_line' id='line_1_31' title="bbox 258 2308 1717 2366; baseline -0.001 -13"><span class='ocrx_word' id='word_1_235' title='bbox 258 2310 355 2353; x_wconf 94' lang='lat' dir='ltr'>Sch.</span> <span class='ocrx_word' id='word_1_236' title='bbox 385 2310 513 2352; x_wconf 88' lang='lat' dir='ltr'>Arist.</span> <span class='ocrx_word' id='word_1_237' title='bbox 544 2308 648 2351; x_wconf 85' lang='lat' dir='ltr'>Plut.</span> <span class='ocrx_word' id='word_1_238' title='bbox 677 2308 772 2351; x_wconf 77' lang='lat'>305.</span> <span class='ocrx_word' id='word_1_239' title='bbox 817 2316 856 2351; x_wconf 88' lang='lat' dir='ltr'>et</span> <span class='ocrx_word' id='word_1_240' title='bbox 898 2308 972 2351; x_wconf 88' lang='lat' dir='ltr'>alii</span> <span class='ocrx_word' id='word_1_241' title='bbox 1007 2308 1111 2352; x_wconf 85' lang='lat' dir='ltr'>illud</span> <span class='ocrx_word' id='word_1_242' title='bbox 1149 2308 1358 2366; x_wconf 85' lang='lat' dir='ltr'>explicare</span> <span class='ocrx_word' id='word_1_243' title='bbox 1393 2308 1548 2361; x_wconf 74' lang='lat' dir='ltr'>solem3</span> <span class='ocrx_word' id='word_1_244' title='bbox 1585 2322 1717 2366; x_wconf 90' lang='lat' dir='ltr'>eaque</span> 
     </span>
     <span class='ocr_line' id='line_1_32' title="bbox 255 2370 1720 2433; baseline -0.001 -13"><span class='ocrx_word' id='word_1_245' title='bbox 255 2379 416 2420; x_wconf 87' lang='lat' dir='ltr'>ratione</span> <span class='ocrx_word' id='word_1_246' title='bbox 448 2376 644 2419; x_wconf 87' lang='lat' dir='ltr'>affirmari</span> <span class='ocrx_word' id='word_1_247' title='bbox 671 2376 769 2419; x_wconf 86' lang='lat' dir='ltr'>licet</span> <span class='ocrx_word' id='word_1_248' title='bbox 796 2373 1017 2433; x_wconf 82' lang='grc' dir='ltr'><em>ψαλάσσω</em></span> <span class='ocrx_word' id='word_1_249' title='bbox 1048 2383 1087 2419; x_wconf 89' lang='lat' dir='ltr'>et</span> <span class='ocrx_word' id='word_1_250' title='bbox 1110 2370 1355 2433; x_wconf 77' lang='grc' dir='ltr'><em>σπαράσσω</em></span> <span class='ocrx_word' id='word_1_251' title='bbox 1383 2389 1467 2419; x_wconf 85' lang='grc'><strong>11011</strong></span> <span class='ocrx_word' id='word_1_252' title='bbox 1489 2375 1595 2418; x_wconf 86' lang='lat' dir='ltr'>unde</span> <span class='ocrx_word' id='word_1_253' title='bbox 1623 2389 1720 2433; x_wconf 81' lang='lat' dir='ltr'>pro-</span> 
     </span>
     <span class='ocr_line' id='line_1_33' title="bbox 258 2439 1718 2500; baseline -0.001 -12"><span class='ocrx_word' id='word_1_254' title='bbox 258 2446 365 2488; x_wconf 85' lang='lat' dir='ltr'>xime</span> <span class='ocrx_word' id='word_1_255' title='bbox 398 2444 480 2487; x_wconf 88' lang='lat' dir='ltr'>dixi</span> <span class='ocrx_word' id='word_1_256' title='bbox 508 2442 668 2486; x_wconf 84' lang='lat' dir='ltr'>deflexa</span> <span class='ocrx_word' id='word_1_257' title='bbox 700 2456 795 2487; x_wconf 91' lang='lat' dir='ltr'>esse</span> <span class='ocrx_word' id='word_1_258' title='bbox 820 2443 895 2486; x_wconf 89' lang='lat' dir='ltr'>sed</span> <span class='ocrx_word' id='word_1_259' title='bbox 925 2456 951 2485; x_wconf 89' lang='lat' dir='ltr'>a</span> <span class='ocrx_word' id='word_1_260' title='bbox 974 2440 1082 2499; x_wconf 83' lang='grc' dir='ltr'>ψάω</span> <span class='ocrx_word' id='word_1_261' title='bbox 1110 2444 1197 2487; x_wconf 85' lang='lat' dir='ltr'>sive</span> <span class='ocrx_word' id='word_1_262' title='bbox 1221 2440 1355 2500; x_wconf 82' lang='grc' dir='ltr'><em>ψαύω</em></span> <span class='ocrx_word' id='word_1_263' title='bbox 1378 2449 1419 2486; x_wconf 85' lang='lat' dir='ltr'>et</span> <span class='ocrx_word' id='word_1_264' title='bbox 1442 2439 1584 2493; x_wconf 82' lang='grc' dir='ltr'><em>σπάω,</em></span> <span class='ocrx_word' id='word_1_265' title='bbox 1616 2455 1718 2499; x_wconf 88' lang='lat' dir='ltr'>quo-</span> 
     </span>
     <span class='ocr_line' id='line_1_34' title="bbox 254 2508 1716 2567; baseline -0.003 -12"><span class='ocrx_word' id='word_1_266' title='bbox 254 2525 343 2555; x_wconf 91' lang='lat' dir='ltr'>rum</span> <span class='ocrx_word' id='word_1_267' title='bbox 374 2510 714 2566; x_wconf 84' lang='lat' dir='ltr'>significationem</span> <span class='ocrx_word' id='word_1_268' title='bbox 737 2511 890 2555; x_wconf 83' lang='lat' dir='ltr'>clarius</span> <span class='ocrx_word' id='word_1_269' title='bbox 917 2512 1142 2566; x_wconf 86' lang='lat' dir='ltr'>exprimunt</span> <span class='ocrx_word' id='word_1_270' title='bbox 1171 2523 1291 2567; x_wconf 90' lang='lat' dir='ltr'>quam</span> <span class='ocrx_word' id='word_1_271' title='bbox 1320 2508 1495 2567; x_wconf 83' lang='grc' dir='ltr'><em>ψάλλω,</em></span> <span class='ocrx_word' id='word_1_272' title='bbox 1524 2508 1716 2567; x_wconf 83' lang='grc' dir='ltr'><em>σπαίρω.</em></span> 
     </span>
     <span class='ocr_line' id='line_1_35' title="bbox 255 2574 1715 2635; baseline -0.002 -14"><span class='ocrx_word' id='word_1_273' title='bbox 255 2577 396 2621; x_wconf 86' lang='lat' dir='ltr'>Verba</span> <span class='ocrx_word' id='word_1_274' title='bbox 423 2580 712 2635; x_wconf 88' lang='lat' dir='ltr'>perispomena</span> <span class='ocrx_word' id='word_1_275' title='bbox 747 2577 827 2622; x_wconf 88' lang='lat' dir='ltr'>hoc</span> <span class='ocrx_word' id='word_1_276' title='bbox 853 2583 1110 2633; x_wconf 84' lang='lat' dir='ltr'>augmentum</span> <span class='ocrx_word' id='word_1_277' title='bbox 1139 2591 1221 2621; x_wconf 93' lang='lat' dir='ltr'>non</span> <span class='ocrx_word' id='word_1_278' title='bbox 1249 2590 1442 2635; x_wconf 86' lang='lat' dir='ltr'>respuere</span> <span class='ocrx_word' id='word_1_279' title='bbox 1472 2575 1591 2619; x_wconf 88' lang='lat' dir='ltr'>docet</span> <span class='ocrx_word' id='word_1_280' title='bbox 1619 2574 1715 2619; x_wconf 77' lang='lat' dir='ltr'>EM.</span> 
     </span>
     <span class='ocr_line' id='line_1_36' title="bbox 256 2638 1728 2706; baseline -0.002 -18"><span class='ocrx_word' id='word_1_281' title='bbox 256 2646 350 2697; x_wconf 83' lang='lat'>175,</span> <span class='ocrx_word' id='word_1_282' title='bbox 373 2646 441 2689; x_wconf 81' lang='lat'>57.</span> <span class='ocrx_word' id='word_1_283' title='bbox 475 2645 628 2688; x_wconf 85' lang='lat' dir='ltr'>Anecd.</span> <span class='ocrx_word' id='word_1_284' title='bbox 643 2644 776 2689; x_wconf 84' lang='lat' dir='ltr'>Bekk.</span> <span class='ocrx_word' id='word_1_285' title='bbox 790 2644 886 2689; x_wconf 81' lang='lat'><strong>468.</strong></span> <span class='ocrx_word' id='word_1_286' title='bbox 915 2643 1040 2701; x_wconf 78' lang='grc' dir='ltr'><strong><em>παρὰ</em></strong></span> <span class='ocrx_word' id='word_1_287' title='bbox 1063 2642 1113 2687; x_wconf 80' lang='grc' dir='ltr'>τὸ</span> <span class='ocrx_word' id='word_1_288' title='bbox 1131 2642 1259 2687; x_wconf 80' lang='grc' dir='ltr'><em>ἅπτω</em></span> <span class='ocrx_word' id='word_1_289' title='bbox 1283 2641 1375 2702; x_wconf 81' lang='grc' dir='ltr'>ἁφή</span> <span class='ocrx_word' id='word_1_290' title='bbox 1401 2639 1506 2701; x_wconf 76' lang='grc' dir='ltr'>ἆφιό</span> <span class='ocrx_word' id='word_1_291' title='bbox 1525 2638 1728 2706; x_wconf 80' lang='grc' dir='ltr'><em>ἆφάσσω</em></span> 
     </span>
    </p>
   </div>
   <div class='ocr_carea' id='block_1_7' title="bbox 1713 0 1728 1480">
    <p class='ocr_par' dir='ltr' id='par_1_7' title="bbox 1713 0 1728 1480">
     <span class='ocr_line' id='line_1_37' title="bbox 1713 0 1728 1326; baseline 0 -117"><span class='ocrx_word' id='word_1_292' title='bbox 1713 0 1728 1326; x_wconf 95' lang='lat' dir='ltr'>   </span> 
     </span>
     <span class='ocr_line' id='line_1_38' title="bbox 1713 1338 1728 1480; baseline 0 0"><span class='ocrx_word' id='word_1_293' title='bbox 1713 1338 1728 1480; x_wconf 95' lang='lat' dir='ltr'>   </span> 
     </span>
    </p>
   </div>
   <div class='ocr_carea' id='block_1_8' title="bbox 254 2708 1715 2838">
    <p class='ocr_par' dir='ltr' id='par_1_8' title="bbox 254 2708 1715 2838">
     <span class='ocr_line' id='line_1_39' title="bbox 256 2708 1715 2768; baseline -0.001 -14"><span class='ocrx_word' id='word_1_294' title='bbox 256 2708 316 2763; x_wconf 79' lang='grc' dir='ltr'>ὡς</span> <span class='ocrx_word' id='word_1_295' title='bbox 343 2710 526 2768; x_wconf 75' lang='grc' dir='ltr'><em>μάσθλη</em></span> <span class='ocrx_word' id='word_1_296' title='bbox 553 2712 842 2767; x_wconf 76' lang='grc' dir='ltr'><em>μασθλάσσω.</em></span> <span class='ocrx_word' id='word_1_297' title='bbox 900 2710 989 2755; x_wconf 92' lang='lat' dir='ltr'>Hoc</span> <span class='ocrx_word' id='word_1_298' title='bbox 1013 2724 1145 2768; x_wconf 92' lang='lat' dir='ltr'>neque</span> <span class='ocrx_word' id='word_1_299' title='bbox 1172 2711 1235 2754; x_wconf 91' lang='lat' dir='ltr'>illi</span> <span class='ocrx_word' id='word_1_300' title='bbox 1264 2711 1398 2755; x_wconf 89' lang='lat' dir='ltr'>simile</span> <span class='ocrx_word' id='word_1_301' title='bbox 1426 2722 1560 2767; x_wconf 89' lang='lat' dir='ltr'>neque</span> <span class='ocrx_word' id='word_1_302' title='bbox 1587 2715 1715 2752; x_wconf 83' lang='lat' dir='ltr'>testa-</span> 
     </span>
     <span class='ocr_line' id='line_1_40' title="bbox 254 2775 1712 2838; baseline -0.003 -16"><span class='ocrx_word' id='word_1_303' title='bbox 254 2786 337 2822; x_wconf 86' lang='lat' dir='ltr'>tum</span> <span class='ocrx_word' id='word_1_304' title='bbox 367 2786 430 2822; x_wconf 88' lang='lat' dir='ltr'>est</span> <span class='ocrx_word' id='word_1_305' title='bbox 449 2779 523 2823; x_wconf 89' lang='lat' dir='ltr'>sed</span> <span class='ocrx_word' id='word_1_306' title='bbox 552 2781 594 2823; x_wconf 91' lang='lat' dir='ltr'>in</span> <span class='ocrx_word' id='word_1_307' title='bbox 613 2781 839 2838; x_wconf 90' lang='lat' dir='ltr'>propinquo</span> <span class='ocrx_word' id='word_1_308' title='bbox 866 2786 960 2823; x_wconf 87' lang='lat' dir='ltr'>sunt</span> <span class='ocrx_word' id='word_1_309' title='bbox 980 2778 1066 2823; x_wconf 88' lang='lat' dir='ltr'>alia</span> <span class='ocrx_word' id='word_1_310' title='bbox 1089 2775 1209 2824; x_wconf 82' lang='grc' dir='ltr'><em>ὑλάω</em></span> <span class='ocrx_word' id='word_1_311' title='bbox 1228 2775 1418 2831; x_wconf 80' lang='grc' dir='ltr'><em>ὑλάσσω,</em></span> <span class='ocrx_word' id='word_1_312' title='bbox 1447 2776 1552 2821; x_wconf 89' lang='lat' dir='ltr'>unde</span> <span class='ocrx_word' id='word_1_313' title='bbox 1571 2775 1712 2820; x_wconf 77' lang='lat' dir='ltr'>Schol.</span> 
     </span>
    </p>
   </div>
  </div>
 </body>
</html>
