1708 3126
215 194 281 240 32
681 187 1128 232 DISSERTATIO
1174 189 1224 233 11.

213 302 342 346 Verbi
371 298 496 346 πτύω
525 299 738 356 multiplex
769 301 1033 354 cognoscitur
1059 302 1259 353 variatim
1298 299 1547 347 Theocritus
1581 304 1689 347 enim

215 365 455 425 ἐπιφθύζω
490 366 591 409 dixit
626 367 882 409 summutatis
912 367 1203 421 antistoechis3
1242 367 1476 424 Hesychius
1502 369 1690 427 producit

218 434 375 478 Ψύττει
399 429 548 482 πτύει,
584 429 751 475 Ψυττόν
772 430 979 485 πτύελον,
1011 436 1076 477 cui
1098 433 1239 478 Latini
1267 435 1560 480 substituerunt
1583 448 1689 490 spuo

215 502 267 545 cf.
295 500 491 555 Prolegg.
520 499 588 541 92.
623 511 850 541 consonam
879 499 1082 556 duplicem
1115 503 1159 544 in
1186 508 1347 559 partes,
1383 501 1492 546 unde
1523 502 1690 553 coaluit,

213 567 472 612 resolventes
508 568 583 608 sed
615 565 759 608 ordine
790 567 957 610 inverso
987 573 1030 610 ut
1057 567 1217 612 Aeoles
1247 568 1428 627 σκίφος,
1464 567 1688 622 σπέλλιον,

215 632 476 682 ἇσπίνθιον,
514 630 654 674 Latini
684 645 758 688 pro
788 630 870 683 ξέω
901 631 1052 686 scabo‚
1090 647 1165 691 pro
1195 632 1291 687 ἶξός
1318 636 1459 679 viscus
1487 636 1576 679 sive
1602 636 1691 678 vis-

215 715 328 751 cum,
355 712 433 742 nec
462 698 654 742 diversae
682 699 821 754 stirpis
849 698 1040 742 videntur
1068 698 1459 746 onaMcov-testudo
1489 707 1529 745 et
1549 699 1691 757 ψαλίς

215 769 364 812 fornix.
410 764 598 822 Denique
627 765 827 808 labialem
861 779 1031 821 prorsus
1061 768 1326 823 praeteritam
1355 781 1451 812 esse
1481 767 1693 824 colligitur

216 849 268 879 ex
296 833 552 878 substantivo
582 830 735 875 σίαλον
756 833 837 884 ⁵⁵).
884 830 984 874 Cum
1015 831 1140 876 πτύω
1162 831 1317 890 ψύττω
1347 835 1530 879 conferri
1556 840 1692 891 potest

215 899 380 958 πτερόν
408 898 544 956 ψίλον
577 911 615 941 v.
647 898 701 940 ad
729 897 879 953 Phryn.
909 897 1008 940 435.
1049 905 1088 942 et
1116 912 1222 956 quae
1250 899 1485 957 Hesychius
1519 901 1691 958 praebet

217 966 407 1023 exempla
436 963 566 1022 ψίσις
595 961 798 1008 ἀπώλεια
836 965 879 1007 id
916 971 980 1008 est
1014 964 1191 1023 φθίσις,
1229 965 1376 1024 ψείρω
1407 966 1586 1025 φθείρει)
1607 970 1689 1021 ⁸⁶),

215 1031 353 1092 ψινάς
391 1045 465 1088 pro
496 1027 682 1088 φθινάς,
715 1028 911 1088 Ἐψίσθη
943 1028 1143 1076 ἀπέθανε
1182 1033 1209 1074 i.
1240 1046 1278 1089 q.
1318 1031 1546 1092 ἓφθίσθη,
1581 1034 1691 1091 quod

214 1102 298 1144 nisi
324 1099 483 1142 'eodem
519 1096 647 1140 verbo
684 1097 971 1153 explicuisset,
1017 1111 1109 1142 eum
1144 1098 1314 1142 verbum
1351 1098 1476 1157 ψίειν
1514 1100 1708 1158 ΙῙΙἈΞήιιειΞ

214 1169 523 1221 interpretatum
551 1177 646 1206 esse
677 1164 909 1216 crederem,
945 1167 1050 1209 sicut
1072 1166 1294 1221 conjugata
1323 1169 1620 1224 συμψηθῆναι
1649 1159 1708 1211 et*

216 1234 530 1291 συμψισθῆναι
572 1232 730 1272 conteri
774 1238 977 1287 ponuntur
1019 1245 1093 1288 pro
1144 1234 1281 1288 perire
1329 1246 1368 1276 v.
1418 1231 1684 1278 Schleusner.

218 1301 347 1343 Thes.
369 1297 419 1341 V.
450 1297 500 1340 T.
523 1296 642 1339 Tom.
661 1295 708 1338 V.
736 1297 818 1340 173
838 1312 899 1354 sq.
957 1297 1028 1341 Psi
1058 1305 1098 1341 et
1125 1300 1167 1342 xi
1198 1299 1376 1343 alternat
1404 1297 1688 1358 Μεσόψηρον

215 1364 448 1424 ἡμίξηρον,
493 1363 640 1421 quibus
686 1377 792 1428 quae
833 1364 1022 1407 subtexta
1067 1372 1159 1408 sunt
1194 1365 1326 1409 verba
1364 1362 1472 1423 ψάω
1513 1373 1554 1410 et
1589 1366 1686 1419 ξέω,

217 1436 404 1477 actiones
433 1433 540 1475 inter
570 1444 615 1474 se
646 1431 805 1474 similes
836 1431 1062 1475 declarant.

835 1586 866 1629 C
883 1587 923 1631 A
939 1587 983 1630 P.
1029 1586 1079 1630 ΙΙ.

362 1680 444 1727 De
476 1676 638 1725 verbis
667 1694 880 1743 quoram
913 1678 1177 1726 character
1211 1687 1282 1727 est
1317 1669 1547 1728 labialoe's.

329 1804 366 1858 ς.
397 1800 435 1842 1.
494 1798 647 1841 Mirum
679 1806 741 1841 est
766 1799 872 1842 unde
895 1799 1127 1855 Hesychius
1155 1801 1372 1857 arripuerit
1386 1797 1542 1856 ’Ἀβεις
1566 1798 1690 1855 ἒὸςεις,

215 1866 326 1924 quod
354 1865 428 1908 alii
457 1865 626 1908 verbum
655 1865 826 1908 latinum
856 1879 951 1908 esse
980 1873 1137 1922 putant,
1176 1866 1250 1909 alii
1281 1879 1444 1910 nomen.
1505 1866 1691 1912 Graeco-

213 1946 305 1976 rum
344 1931 564 1976 verborum
608 1945 731 1974 unum
773 1933 853 1975 duo
898 1934 1032 1988 prima
1070 1933 1308 1976 literaturae
1347 1933 1554 1977 elementa
1595 1941 1689 1978 ante

213 1989 544 2042 terminationem
582 1997 708 2041 hahet
747 1996 898 2052 βλάβω
941 1999 1171 2042 obsoletum
1215 1998 1318 2042 illud
1352 2012 1515 2056 unoque
1551 2007 1689 2044 vetere

215 2065 404 2122 exemplo
432 2063 644 2120 βλάβεται
671 2071 874 2108 testatum.
918 2064 1094 2122 Epsilon
1120 2065 1200 2108 duo
1227 2063 1475 2122 acceperunt
1499 2066 1619 2122 ,σέβω
1650 2074 1691 2110 et

216 2132 340 2188 φέβω
366 2130 645 2174 Choerobosc.
673 2130 808 2175 Gram.
832 2131 882 2174 Π.
905 2133 1008 2184 137,
1036 2132 1102 2175 18.
1126 2131 1295 2174 totidem
1327 2131 1461 2186 altera
1489 2133 1576 2175 iota
1597 2131 1698 2176 lon-x

214 2212 311 2254 gum
346 2196 492 2253 θλίβει)
531 2204 571 2241 et
608 2196 765 2255 τρίβω,
808 2212 906 2241 nam
939 2197 1048 2253 λίβω
1079 2205 1119 2241 et
1149 2196 1283 2253 στίβω
1323 2211 1378 2241 ex
1411 2198 1691 2255 dittographia

216 2271 331 2316 orta3
373 2278 453 2307 nec
496 2264 616 2321 plura
657 2264 825 2321 ypsilon
863 2263 1020 2322 θρύβω
1059 2265 1221 2318 (omiss.
1261 2266 1305 2307 in
1346 2263 1445 2318 Th.)
1487 2264 1687 2311 Michael.

213 2329 365 2388 Ephes.
394 2332 438 2374 in
468 2331 595 2374 Arist.
625 2331 676 2373 de
703 2330 877 2376 Memor.
902 2346 940 2389 p.
963 2332 1063 2393 130.
1083 2345 1121 2375 a.
1157 2338 1197 2374 et
1226 2329 1372 2388 κρύβω
1396 2344 1435 2375 v.
1463 2331 1517 2375 ad
1538 2330 1688 2388 Phryn.

305 2487 366 2532 55)
400 2487 475 2522 Pro
503 2490 579 2522 σίαι
602 2489 735 2532 πτῆσαι
762 2488 848 2523 Hes.
878 2499 951 2523 non
983 2488 1100 2522 solum
1123 2483 1257 2522 πτύσαι
1287 2491 1326 2521 ut
1349 2486 1547 2522 Salmasius
1569 2485 1688 2532 jubet,

213 2543 280 2579 sed
307 2543 414 2578 etiam
437 2546 538 2578 σίσαι
563 2543 790 2579 scribendum
819 2544 964 2580 videtur
994 2553 1221 2590 synonymon
1248 2542 1352 2579 verbi
1385 2539 1501 2588 ψὺσαι
1525 2548 1563 2578 ut
1586 2546 1689 2579 σίττα

213 2603 324 2642 ψίττα
348 2605 384 2634 et
408 2598 538 2646 ψύττα.

306 2657 367 2701 56)
398 2656 457 2691 De
477 2657 547 2692 hoc
571 2658 861 2693 controversiam
885 2661 1008 2692 movet
1029 2655 1235 2690 Ellendtius
1259 2665 1373 2698 mem,
1400 2654 1437 2689 in
1461 2652 1552 2688 Lex.
1571 2653 1686 2700 Soph.

215 2712 256 2746 T.
280 2711 325 2747 11.
350 2711 428 2747 976.
467 2712 669 2760 Hesyth,
697 2713 823 2760 inquit,
847 2714 975 2749 locum
997 2715 1125 2760 Ψείρει
1150 2715 1300 2759 φθείρει
1323 2713 1424 2746 satis
1442 2709 1535 2746 bene
1558 2721 1688 2746 emen-

217 2766 329 2805 davit
361 2769 621 2814 Wakefieldus
650 2774 719 2816 ψεῖ
740 2772 799 2819 ῥεῖ
819 2766 969 2818 φθίνει*
992 2767 1240 2806 scribendum
1263 2770 1394 2804 autem
1417 2767 1482 2817 ψῇ.
