1728 3120
224 190 323 237 350
651 183 1114 228 DISSERTATIO
1157 184 1256 229 XX.

219 296 426 344 vocabula
457 309 651 339 sensuum
677 297 934 341 diversorum
954 304 993 341 et
1022 297 1278 341 diversarum
1304 300 1493 357 corporis
1510 302 1690 358 'partium

220 374 261 409 ut
292 363 406 408 κύων
434 362 728 419 δεδραγμένος
756 359 901 421 ὀδμῆς
929 363 1103 422 Oppian.
1130 364 1232 421 Cyn.
1251 364 1281 408 I.
1301 365 1399 410 511.
1429 367 1539 424 quod
1565 369 1692 413 multo

221 434 361 476 durius
382 437 445 473 est
463 443 585 487 quam
615 432 652 472 si
677 432 768 487 quis
800 429 1072 488 ὁράττεσθαι
1104 432 1298 486 ἐλπίδος,
1330 436 1500 492 καιροῦ,
1528 435 1693 492 σοφίας

219 501 380 549 dicitur,
411 498 509 554 quia
535 498 700 540 nomine
731 497 908 542 olfactus
941 513 964 542 e
993 501 1172 556 vestigio
1202 501 1393 558 propriae
1423 498 1542 544 verbi
1561 504 1693 560 signi-

218 567 424 610 ficationis
456 566 656 608 memoria
690 566 902 609 excitatur.
963 565 1037 610 Sic
1067 568 1136 625 qui
1165 566 1315 618 πίστις
1345 573 1385 611 et
1413 563 1549 627 ἡδονὴ
1581 566 1694 626 πρό-
1727 566 1728 598 ss

216 648 364 691 χειρος
393 633 484 675 sine
514 631 602 674 ulla
625 631 901 677 haesitatione
931 633 1094 690 legerit,
1122 633 1305 692 paullum
1328 635 1495 678 resistet
1519 634 1572 678 ad
1590 635 1695 679 illud

215 700 389 744 Lucian.
423 698 540 742 Asin.
573 699 608 754 ξ.
637 698 705 741 25.
745 699 820 757 τὴν
857 701 1053 759 κεφαλὴν
1093 699 1175 753 ἔξω
1215 703 1295 746 τοῦ
1323 697 1428 746 ‹²2¹va
1458 699 1695 760 πρόχειρον

219 767 321 820 ἕξει,
351 773 476 821 caput
495 767 583 820 ejus
614 780 633 809 e
658 768 764 821 pelle
783 770 895 811 asini
918 769 1186 822 prominebic.
1244 765 1318 812 Sic
1349 774 1390 811 et
1418 763 1696 820 ἀελλόποδες

216 834 400 892 νεφέλαι
430 832 657 890 Tryphiod.
687 833 781 877 189.
818 834 943 878 multo
971 834 1107 878 lenius
1145 834 1307 878 videtur
1339 848 1460 892 quam
1490 835 1697 886 ποδῶκες

216 896 340 956 ὄμμα
357 900 511 944 Aesch.
536 900 648 958 Sept.
664 900 760 943 625.
782 903 851 955 Ξ’4)
909 899 996 944 Nec
1025 901 1226 945 miraculo
1260 908 1460 946 exemtum
1491 898 1694 946 ὖπίλλειν

216 965 362 1021 στόμα
394 967 521 1025 Soph.
562 968 656 1011 Ant.
686 968 781 1011 506.
824 969 902 1011 etsi
941 982 1201 1024 synonymon
1239 967 1406 1013 σαίνειν
1444 970 1693 1026 saepissime

218 1034 367 1078 dicitur
396 1034 446 1077 de
479 1034 735 1087 hominibus3
775 1049 952 1091 namque
982 1035 1100 1091 hujus
1132 1035 1453 1079 celebratissimi
1481 1035 1599 1081 verbi
1626 1037 1694 1080 vis

216 1102 385 1158 propria
415 1101 646 1154 delitescit3
677 1102 779 1144 illud
807 1115 929 1158 quum
960 1102 1151 1157 legimus,
1181 1103 1318 1146 statim
1347 1102 1459 1146 subit
1484 1096 1692 1160 proprium

215 1164 420 1211 ὑπίλλειν
463 1164 612 1224 οὐράν.
655 1168 821 1227 ¹Minus
860 1167 1028 1211 offendit
1067 1166 1313 1226 κεκαφηότι
1349 1170 1503 1226 ταρσῷ
1538 1168 1693 1224 Agath.

215 1233 339 1276 Anth.
370 1231 445 1275 IX.
475 1234 571 1276 653.
612 1232 868 1291 κεκαφηότα
906 1237 1008 1289 γυῖα
1038 1233 1211 1292 Oppian.
1241 1234 1334 1278 Hal.
1365 1233 1436 1278 III.
1469 1235 1562 1278 115.
1594 1237 1693 1292 quia

213 1299 383 1344 verbum
412 1301 592 1357 priscum
631 1307 671 1344 et
710 1300 960 1356 significatio
1001 1303 1134 1345 minus
1170 1301 1414 1355 manifesta3
1452 1301 1527 1346 sed
1563 1302 1693 1347 anhe-

213 1367 368 1410 lantem
409 1367 518 1410 alam
563 1368 631 1411 vel
670 1368 814 1425 pedem
857 1368 996 1411 dicere
1035 1382 1109 1425 pro
1155 1368 1270 1413 fesso
1313 1381 1434 1412 nemo
1476 1370 1690 1412 sustineat.

217 1434 336 1487 Quod
375 1433 523 1478 Cicero
565 1436 608 1477 in
631 1433 796 1490 Fragm.
832 1449 872 1491 p.
902 1434 999 1478 471.
1037 1434 1087 1477 Τ.
1118 1434 1185 1478 IV.
1216 1434 1260 1477 P.
1287 1433 1336 1477 II.
1369 1434 1433 1478 ed.
1473 1433 1602 1479 Orell.
1638 1435 1690 1479 de

215 1501 474 1558 philosophis
495 1501 741 1558 quibusdam
773 1501 873 1545 dixit
892 1510 1099 1557 quaerunt
1124 1514 1244 1556 quem
1276 1503 1469 1547 incomtis
1499 1502 1693 1545 manibus

214 1570 474 1623 discerpant,
525 1570 706 1625 speciem
745 1569 952 1626 quandam
992 1571 1266 1614 inconcinnae
1299 1570 1518 1625 Juncturae
1559 1568 1690 1621 affert,

216 1636 292 1678 sed
319 1649 491 1693 prorsus
520 1635 784 1679 intolerabile
817 1636 924 1679 foret
954 1637 991 1679 si
1021 1637 1112 1693 quis
1138 1638 1355 1681 convivam
1382 1638 1573 1680 incomtis
1598 1649 1692 1680 ma-

212 1703 334 1745 nibus
370 1710 407 1746 et
435 1704 563 1746 illotis
586 1704 770 1746 crinibus
790 1703 843 1747 ad
874 1717 1047 1747 coenam
1064 1705 1232 1748 venisse
1253 1703 1420 1748 diceret.
1477 1702 1532 1752 At
1554 1715 1691 1747 sermo

212 1770 418 1812 incomtus
449 1777 487 1813 et
523 1770 663 1813 illotus
695 1777 812 1814 extra
851 1771 1011 1828 culpam
1044 1778 1118 1814 est.
1141 1770 1209 1826 ³⁵)
1266 1769 1353 1815 Nos
1393 1769 1578 1827 quidem,
1619 1772 1689 1827 qui

210 1835 508 1879 vocabulorum
539 1836 865 1892 significationes
891 1839 1175 1894 grammaticis
1193 1837 1424 1881 rationibus
1448 1838 1689 1880 examinare

215 1903 411 1954 solemus,
443 1905 487 1946 in
514 1903 580 1946 his
610 1904 734 1947 rebus
774 1905 955 1949 fortasse
985 1906 1144 1948 acutius
1176 1905 1381 1948 cernimus
1411 1917 1535 1961 quam
1561 1903 1691 1962 pleri-

213 1982 291 2025 que
327 1976 533 2020 veterum‚
581 1970 729 2026 quibus
771 1985 869 2014 usus
907 1985 981 2028 pro
1025 1973 1226 2027 magistro
1269 1971 1358 2014 fuit.
1422 1969 1564 2027 Itaque
1605 1984 1690 2014 non

211 2035 399 2078 illicitum
429 2035 657 2078 habuerunt
686 2037 896 2093 pulvinos,
931 2038 1079 2093 quibus
1110 2039 1291 2092 remiges
1321 2036 1524 2087 insident,
1555 2038 1689 2080 nomi-

209 2115 311 2144 nare
342 2103 590 2158 ποτίκρανα
619 2103 662 2145 id
692 2110 755 2146 est
787 2101 1128 2161 προςκεφάλαια
1154 2102 1270 2146 Phot.
1301 2109 1342 2146 et
1370 2102 1518 2146 eadem
1545 2099 1688 2158 ὑπαγ-

212 2167 348 2212 κώνια
381 2167 440 2211 Id.
481 2182 512 2211 s.
558 2167 838 2227 Ὑπερήσιον,
881 2170 1164 2226 harpagonem
1206 2176 1361 2221 autem,
1406 2182 1487 2226 quo
1528 2169 1623 2214 cadi
1663 2183 1687 2212 e

210 2237 343 2292 puteis
375 2234 655 2287 extrahuntur,
687 2235 905 2295 κρεάγραν
934 2238 1062 2280 Arist.
1086 2236 1200 2281 Eccl.
1218 2236 1315 2280 994.
1345 2236 1486 2279 limam
1514 2236 1582 2280 vel
1612 2250 1689 2279 un-

212 2316 302 2345 cum
342 2302 521 2345 ferreum
563 2302 735 2357 ἶχθύαν.
801 2303 887 2348 Sed
926 2318 1218 2362 nonnunquam
1249 2303 1401 2348 sactum
1433 2309 1496 2347 est
1535 2309 1579 2346 ut
1617 2303 1687 2347 diu

301 2472 363 2517 34)
401 2472 439 2507 ln
474 2472 581 2509 Anth.
617 2473 722 2510 Plan.
754 2473 832 2512 283.
866 2475 994 2510 mimae
1027 2474 1213 2521 cujusdam
1243 2473 1503 2520 praedicantur
1534 2459 1687 2520 ὄμματα

210 2530 273 2563 καὶ
297 2528 411 2578 ταρσὰ
437 2527 649 2576 ποδήνεμα,
689 2531 786 2576 quod
814 2531 965 2567 Pauwio
992 2537 1027 2567 et
1051 2530 1194 2577 Toupio
1222 2529 1449 2566 intolerabile
1474 2530 1590 2566 visum
1615 2534 1682 2574 est,

209 2585 274 2620 sed
298 2591 491 2621 excusatur
515 2593 712 2633 zeugmate.

301 2663 362 2708 35)
387 2664 489 2700 Haec
507 2671 543 2700 et
568 2672 703 2710 cetera,
732 2678 824 2712 quae
844 2673 952 2702 antea
978 2667 1090 2710 attuli,
1114 2676 1187 2700 non
1213 2664 1328 2710 attigit
1344 2663 1508 2699 Handius
1529 2665 1567 2700 in
1590 2663 1685 2699 libro

209 2721 352 2765 perutili
386 2719 595 2758 Lehrbuch
625 2722 695 2758 des
729 2723 989 2759 lateinischen
1019 2721 1118 2759 Stils
1151 2722 1182 2767 ἓ.
1206 2722 1262 2758 51.
1295 2733 1333 2767 p.
1357 2721 1437 2757 281.
1473 2731 1527 2766 sq.
1552 2720 1609 2757 ed.
1638 2719 1685 2755 11.

209 2775 267 2810 ubi
293 2777 338 2811 de
363 2778 598 2823 metaphorae
624 2791 691 2815 usu
716 2780 884 2826 disputat.
