1728 3120
243 189 306 234 98
686 180 1147 225 DlSSERTATlO
1192 182 1258 225 lV.

244 298 339 340 bant
359 297 426 347 ⁴⁰)
456 294 683 337 audiendos
712 307 793 337 non
824 306 918 336 esse
949 293 1044 338 Sch.
1066 294 1111 338 ΙΙ.
1136 293 1358 336 Χν1.468.
1418 293 1467 338 Et
1494 294 1573 339 hoc
1603 309 1681 353 quo

244 377 320 420 que
359 374 566 405 consonas
602 360 701 403 illas
738 374 820 404 non
858 374 884 403 a
926 362 1124 419 principio
1166 361 1365 405 habuisse
1404 361 1614 418 colligitur
1653 377 1673 406 e

243 430 375 472 altera
404 428 537 470 forma
562 424 820 483 Ὀλιβράξαι
848 423 1049 471 ὀλισθεῖν
1076 427 1172 471 Hcs.
1206 436 1245 471 ct
1277 429 1477 484 adJectivo
1499 427 1675 487 Ὀλιβρό

243 491 485 551 ὀλισθηρός
514 495 645 545 λεῖος,
674 507 754 551 quo
781 493 989 548 vulgatius
1011 502 1073 538 est
1097 496 1316 553 γλίσχρος,
1345 496 1420 539 sed
1445 495 1615 541 labialis
1643 503 1682 540 te

244 564 328 604 nuit
363 563 405 603 in
441 561 570 604 latino
610 560 815 612 lubricus,
853 561 1040 605 omnibus
1080 570 1214 606 autem
1245 570 1358 607 ortus
1389 564 1613 607 communis
1642 577 1689 606 es

243 627 362 683 γλία,
401 625 569 683 γλοιός,
607 627 715 683 glus.

353 707 388 761 ξ.
417 705 458 749 4.
516 705 605 748 Hoc
644 706 738 749 loco
778 706 922 749 literas
958 723 982 748 τ
1018 714 1058 749 et
1098 723 1125 750 σ
1166 715 1353 751 conserte
1390 714 1569 751 tractare
1607 721 1679 750 con

244 778 367 819 stitui.
428 774 699 832 (Ηρωόιανος
737 775 852 831 λέγει
892 791 951 826 ως
991 775 1064 819 διὰ
1103 779 1180 855 Ιτιοῦ
1220 794 1244 820 τ
1285 774 1338 820 οὗ
1375 775 1522 820 πολλὰ
1559 792 1706 819 ωπτοι

244 841 358 886 ἀλλὰ
386 841 434 885 τὸ
472 840 576 885 λίτω
607 841 680 884 καὶ
709 842 845 891 πέτω,
886 842 958 885 καὶ
989 841 1081 886 &aa
1121 861 1148 886 α
1178 838 1263 900 ἤδη
1302 841 1361 894 ὡς
1389 842 1681 900 περισπώμεν

245 909 400 966 ἐκλίθη
435 907 584 964 ὥςπερ
613 925 661 950 το
695 909 826 952 κέντω
857 909 931 952 καὶ
959 905 1087 952 ὄντα).
1153 910 1212 952 Τὸ
1244 910 1293 953 δὲ
1322 907 1462 954 ἆνυτω
1492 910 1602 968 φησὶ
1634 927 1688 954 κα

245 976 390 1034 ἅρύτω
413 981 476 1034 τῷ
497 969 541 1021 ἶ
555 975 831 1021 ἐπλεόνασεν.
883 976 933 1019 Ὁ
954 978 1002 1021 δὲ
1025 976 1313 1038 (Ηρακλείὸης
1331 978 1583 1038 ἀμφότερον
1600 975 1685 1022 dcv

243 1046 393 1104 νήθως
424 1044 533 1100 ἔχειν
562 1047 679 1102 λέγει
708 1045 767 1098 ὡς
793 1045 979 1102 μηδενὸς
1007 1044 1072 1097 εἰς
1099 1039 1377 1105 ἶλήγοντος
1407 1047 1578 1103 ἥξοντος
1606 1040 1672 1090 ui*
1695 1095 1697 1097 ¹

246 1111 450 1172 ἀρκτικὸν
477 1116 556 1170 τῆς
582 1111 836 1164 τελευταίας
863 1112 974 1156 Eust.
1003 1113 1097 1162 764,
1126 1115 1194 1157 26.
1253 1114 1382 1172 Hujus
1411 1114 1570 1159 formae
1599 1110 1699 1172 ‘1118'

246 1181 515 1238 perdurarunt
542 1180 672 1223 verba
699 1181 924 1236 primitiva,
963 1181 1123 1224 mediae
1159 1188 1252 1225 sunt
1279 1182 1439 1227 formae
1472 1182 1613 1227 omnia
1642 1181 1709 1226 λί-

243 1265 396 1302 τομαι,
436 1247 648 1300 πέτομαι,
679 1242 889 1300 ἄντομαι,
932 1249 1038 1304 quod
1068 1248 1283 1304 Tyrannio
1317 1250 1462 1306 rejecit
1493 1244 1688 1293 ἀντέσθα

245 1315 432 1359 scribens
462 1321 654 1370 tanquam
692 1327 832 1356 verum
862 1317 1058 1358 aoristum
1089 1315 1186 1359 Sch.
1215 1315 1263 1359 ll.
1295 1314 1386 1359 XV.
1416 1315 1512 1359 698.
1541 1328 1624 1360 non
1653 1314 1707 1359 ob

246 1382 548 1432 characterem,
606 1394 685 1438 quo
730 1381 839 1424 ducti
887 1382 1072 1424 nonnulli
1116 1382 1322 1427 λιτέσθαι
1374 1384 1626 1441 scripserunt
1665 1389 1710 1427 nt

245 1448 425 1494 ικέσθαι
455 1448 732 1492 Choerobosc.
762 1447 866 1491 Dict.
892 1447 941 1490 ll.
972 1448 1066 1491 732.
1124 1448 1249 1492 Verbi
1280 1449 1412 1494 κέντω
1441 1463 1542 1494 usus
1569 1447 1710 1494 nullus

246 1523 327 1567 est;
357 1517 537 1559 aoristus
562 1515 710 1560 κένσαι
741 1523 780 1558 et
807 1515 997 1558 verbalia
1021 1521 1181 1574 κέντωρ
1212 1517 1271 1569 (ut
1289 1516 1489 1576 Μέντωρ,
1514 1517 1711 1574 Μέντης)

244 1582 498 1638 βουκέντης,
545 1580 696 1633 κοντός
734 1582 842 1639 quod
879 1580 974 1624 EM.
1011 1581 1116 1633 529,
1139 1581 1191 1625 5.
1222 1596 1250 1626 a
1287 1583 1421 1628 κέντω
1457 1584 1624 1640 repetit,
1669 1590 1710 1627 et

246 1648 405 1705 κέστρα
435 1649 487 1692 ad
515 1650 759 1706 primitivum
790 1649 897 1693 κένω
926 1649 1071 1692 referri
1095 1656 1276 1705 possunt.
1335 1647 1524 1695 Ceterum
1545 1664 1604 1710 &ex
1631 1649 1710 1694 illa

244 1715 493 1759 Heraclidae
527 1716 800 1773 disputatione
830 1716 1090 1759 manifestum
1122 1715 1164 1759 fit
1183 1717 1420 1774 praesentia
1449 1713 1584 1762 ἆλίτω
1600 1714 1713 1765 ΕΜ

244 1784 311 1833 67,
347 1784 384 1825 1.
424 1784 511 1826 sive
548 1779 706 1827 ἆλείτω
748 1782 845 1826 Sch.
871 1782 947 1826 Od.
974 1782 1039 1825 IV.
1066 1783 1161 1827 807.
1200 1781 1381 1840 ἁμάρτω
1416 1782 1512 1828 ΕΜ.
1543 1782 1708 1836 78,.,,14.

245 1850 331 1902 (ubi
362 1851 509 1893 vitiose
546 1846 730 1906 ἁμαρτῶ
759 1851 908 1892 editum
937 1864 974 1892 v.
1003 1849 1223 1906 Hermann.
1253 1851 1304 1893 de
1324 1849 1495 1895 Emend.
1522 1852 1708 1910 12:269.)

246 1930 593 1973 synonymumque
635 1913 809 1974 ἇβρότω
847 1915 957 1959 Eust.
989 1916 1094 1967 548,
1129 1917 1194 1960 12.
1235 1931 1260 1960 a
1287 1917 1574 1962 Grammaticis
1616 1926 1707 1962 tan-

243 1984 448 2026 tummodo
469 1985 592 2038 etymi
617 1983 816 2026 reddendi
837 1991 966 2026 causa
988 1984 1162 2040 proferri
1182 1998 1263 2027 non
1282 1998 1361 2041 quo
1383 1988 1537 2029 usitata
1555 1993 1706 2030 essent.

246 2048 454 2099 Βλάστω,
493 2050 600 2106 quod
633 2049 900 2093 Buttmannus
930 2049 1140 2105 Aeschylo
1171 2058 1360 2106 arrogat,
1390 2053 1482 2107 jure
1513 2054 1706 2109 rejicitur.

247 2117 335 2160 Duo
356 2116 537 2159 'literam
579 2124 649 2160 tau
686 2117 806 2160 fulcri
850 2117 944 2160 loco
983 2125 1226 2174 receperunt
1268 2116 1398 2161 τίκτω
1444 2118 1517 2162 καὶ
1557 2119 1706 2163 πέκτω

246 2186 341 2228 Arc.
374 2185 468 2227 153.
497 2208 553 2217 —-
607 2183 780 2227 Praeter
808 2183 905 2235 illa,
947 2197 1052 2240 quae
1085 2191 1247 2228 veteres
1287 2198 1313 2227 a
1341 2185 1476 2228 futuro
1504 2186 1707 2231 reclinata

246 2252 383 2294 dicunt
412 2248 598 2304 οἰσέμεν,
628 2248 770 2299 δύσεο,
804 2248 963 2300 ἇείσεο,
994 2251 1147 2294 nullum
1176 2258 1240 2295 est
1254 2251 1422 2295 verbum
1441 2254 1583 2311 ,sigma
1604 2268 1706 2311 puro

244 2322 514 2371 terminatum,
544 2317 758 2364 οὐδέποτε
787 2319 972 2371 ἐνεστὼς
1001 2318 1046 2364 ἓν
1066 2311 1108 2365 ἶ
1139 2319 1226 2375 ἔχει
1255 2319 1352 2363 Sch.
1384 2322 1500 2365 Arat.
1525 2323 1593 2365 21.
1623 2322 1705 2366 He-

245 2388 403 2431 rodian.
443 2390 486 2430 in
524 2387 680 2430 Anecd.
718 2387 851 2429 Paris.
883 2385 1017 2429 Cram.
1048 2387 1097 2430 T.
1128 2387 1193 2429 lV.
1222 2387 1317 2429 237.
1353 2401 1402 2431 ac
1437 2402 1489 2431 ne
1526 2391 1704 2434 aoristus

247 2456 407 2511 quidem
438 2461 606 2511 excepto
635 2467 716 2497 uno
746 2451 905 2497 ἔπεσον
934 2453 1084 2498 Herod.
1113 2458 1229 2497 Μον.
1259 2468 1297 2510 p.
1325 2453 1394 2497 24.
1426 2453 1702 2500 Choerobosc.

246 2522 351 2565 Dict.
383 2521 432 2563 ll.
457 2522 554 2564 631.
583 2519 717 2563 Cram.
747 2519 877 2564 Oxon.
908 2520 939 2562 l.
969 2521 1062 2563 176.
1122 2520 1207 2563 Sed
1240 2521 1364 2577 longe
1393 2521 1569 2578 plurima
1597 2537 1700 2580 quae

337 2671 396 2714 40)
431 2671 475 2705 Hi
494 2681 668 2716 praesens
688 2669 854 2716 posuisse
877 2669 1043 2704 videntur
1067 2668 1248 2712 βιβασθέω
1270 2669 1409 2704 verbali
1431 2668 1598 2714 βιβαστός
1619 2682 1700 2706 con-

246 2728 460 2762 venientius.
507 2726 556 2761 Et
579 2726 674 2770 quod
697 2726 778 2760 Sch.
807 2723 877 2761 Od.
902 2725 947 2759 V.
970 2724 1025 2759 83.
1051 2724 1219 2759 admonet
1244 2725 1407 2771 ἐρέχθων
1430 2725 1478 2766 ὥς
1499 2730 1699 2773 καιέσθω»,

247 2789 371 2818 contra
395 2795 459 2818 eos
486 2784 614 2818 «lictum
638 2788 692 2817 est
716 2782 774 2825 qni
799 2782 961 2828 ἔρεχθῶν
988 2781 1185 2816 scriberent
1209 2786 1246 2816 ut
1270 2780 1444 2829 ὀρεχθῶν.
