1728 3120
227 189 326 236 352
452 185 487 227 D
500 184 517 226 1
529 183 560 226 S
573 182 604 226 S
618 182 648 226 E
660 181 773 227 RT.·
789 181 888 226 XX.
947 181 1016 225 DE
1047 180 1283 227 VOCABB.
1314 182 1468 228 SENS.

226 300 280 343 ad
319 296 476 340 Simon.
515 310 553 353 p.
583 296 650 339 72.
689 296 909 339 verissime
951 296 1152 340 adversus
1191 295 1462 345 Schaeferum
1498 296 1694 347 defendit,

223 379 306 409 non
335 376 506 421 prorsus
539 363 649 405 idem
681 362 825 405 valere
858 369 953 420 puto
985 370 1106 419 atque
1138 359 1369 420 ἆλαμπής,
1406 363 1485 407 sed
1518 377 1570 408 ex
1599 364 1693 408 luce

226 439 265 475 et
292 430 475 474 tenebris
505 431 679 481 mistum,
710 435 752 472 ut
780 443 858 474 nos
884 430 1057 474 dicimus
1081 431 1332 474 dunchelhell
1358 436 1399 473 et
1413 430 1688 480 Helldtmckel,

226 498 496 554 similiterque
516 496 647 552 Angli
679 503 718 539 et
746 494 1028 555 Francogalli.
1085 496 1369 552 Μελαμφαὲς
1395 494 1551 554 ἔρεβος
1573 496 1690 541 Euri-

225 566 333 623 pidis
361 571 402 608 et
429 564 710 620 μελαμφαεῖς
739 562 870 617 μυχοί
902 562 1070 607 Carcini
1097 577 1135 607 v.
1151 562 1320 607 Jacobs.
1345 561 1475 607 Lectt.
1500 561 1691 608 Stobens.

224 647 264 690 p.
286 632 330 675 5.
352 637 419 684 ³⁷)
450 631 683 687 comparari
712 637 882 686 possunt
907 643 998 673 cum
1027 630 1209 686 caligine
1238 629 1416 682 visibili,
1445 643 1567 687 quam
1595 630 1693 674 Mil-

224 706 345 743 tonus
375 696 485 741 Orco
512 698 654 740 tribuit
682 722 732 730 —-
763 698 960 740 darkness
995 698 1138 740 visible
1166 699 1286 740 servd
1312 698 1410 752 only
1439 704 1480 741 to
1509 699 1694 742 discover

223 769 350 821 siqhts
389 767 437 820 of
472 779 583 814 woe,
624 771 664 807 et
693 777 783 807 cum
820 764 913 807 luce
952 763 1155 807 invisibili
1186 764 1275 807 sive
1315 763 1491 817 latente,
1527 778 1636 822 quae
1670 777 1696 808 a

223 833 408 891 physicis
447 834 602 875 nostris
638 837 850 874 tractatur.
909 829 1119 874 Μέλαινα
1148 827 1296 886 αἴγλη,
1334 830 1385 874 de
1416 831 1497 888 quo
1535 831 1620 875 dixi
1652 833 1697 877 in
1727 831 1728 850 ³

224 900 337 944 Diss.
368 900 418 943 de
438 898 625 955 Antiphr.
652 912 690 955 p.
710 898 806 940 310.
836 897 1053 954 dupliciter
1081 896 1259 952 intelligi
1287 903 1433 954 potest,
1461 898 1531 943 vel
1557 898 1697 942 lumen

223 967 407 1010 tenebris
445 965 735 1008 circumfusum
771 964 840 1007 vel
877 963 1118 1019 languidum
1155 970 1195 1006 et
1231 966 1446 1008 emorienti
1483 965 1619 1010 simile
1654 973 1698 1010 ut

225 1034 480 1090 λαμπτῆρες
510 1031 867 1089 ἐκτυφλωθέντες
896 1030 1040 1087 σκότῳ
1062 1029 1214 1072 Aesch.
1238 1029 1313 1073 sed
1343 1031 1420 1074 lua>
1435 1039 1532 1076 atra
1547 1031 1698 1077 Senec.

224 1100 342 1157 Hipp.
361 1099 483 1142 1217.
514 1101 765 1153 metonymia
787 1104 850 1140 est
878 1110 952 1152 pro
977 1098 1063 1139 vita
1091 1096 1293 1151 lugubris.
1350 1096 1466 1142 Haec
1496 1099 1584 1143 fere
1604 1106 1698 1143 sunt

226 1180 332 1224 quae
362 1166 413 1208 de
443 1165 628 1222 partibus
660 1165 953 1207 enuntiationis
993 1163 1240 1206 insolentius
1273 1165 1428 1219 junctis
1467 1166 1599 1223 deque
1628 1179 1697 1209 re-

224 1235 453 1291 pugnantia
481 1233 691 1275 notionum
730 1243 835 1286 quae
867 1236 932 1271 est
959 1242 1146 1286 quaeque
1186 1243 1282 1273 esse
1318 1231 1480 1276 videtur
1520 1233 1698 1278 dicenda

224 1301 434 1344 haberem.
495 1297 619 1353 CuJus
655 1299 824 1352 generis
856 1309 1007 1340 nomen
1044 1303 1192 1340 cuncta
1228 1298 1506 1354 complectens
1535 1302 1573 1344 si
1603 1302 1696 1358 quis

225 1368 445 1417 desideret,
475 1365 738 1408 mutuandum
767 1365 845 1406 erit
875 1376 901 1406 a
931 1362 1159 1418 theologis,
1190 1364 1260 1420 qui
1289 1377 1410 1421 quum
1440 1379 1467 1408 a
1488 1379 1540 1410 se
1567 1368 1697 1425 impe-

222 1442 333 1479 trare
366 1447 447 1477 non
477 1438 647 1490 possent
675 1438 718 1474 ut
745 1433 968 1486 scriptores
1006 1442 1152 1473 sacros
1186 1429 1268 1473 sibi
1299 1433 1510 1477 contraria
1538 1433 1696 1514 dixisse

223 1501 520 1550 concederent,
552 1495 912 1554 ἐναντιοφανειάς
941 1497 1157 1540 commenti
1190 1504 1295 1541 sunt.

314 1659 374 1704 37)
400 1659 458 1694 Ad
481 1658 552 1693 hoc
576 1657 780 1702 exemplum
804 1657 840 1691 in
864 1655 909 1692 Η.
933 1656 969 1691 in
993 1656 1038 1692 Is.
1064 1667 1100 1692 v.
1127 1655 1182 1691 43.
1210 1667 1278 1702 pro
1300 1654 1552 1705 μελάμφαρον
1573 1670 1612 1695 τε
1633 1664 1698 1704 βε-

223 1720 369 1767 ρέθρων
393 1713 561 1762 φυλακήν
592 1713 821 1749 scribendum
844 1713 989 1748 videtur
1013 1714 1280 1760 μελαμφαέων.
1331 1711 1533 1761 Ψεφαυγής
1554 1725 1697 1751 σκοτει-

223 1772 285 1814 νός
309 1773 397 1808 Hes.
423 1770 534 1819 φόβοι
564 1774 760 1817 νυχαυγεῑς
782 1770 819 1805 in
845 1767 960 1816 Orph.
986 1768 1032 1804 H.
1060 1768 1149 1804 nihil
1179 1769 1278 1805 aliud
1305 1779 1411 1815 quam
1438 1768 1558 1817 νύχιοι
1590 1772 1698 1819 signi-

224 1829 338 1867 ficare
364 1834 496 1877 potest.
